2762 3762
1196 203 1489 243 —13—

133 331 247 387 quod
289 331 424 373 multo
466 331 571 372 mihi
611 330 779 373 videtur
820 333 1038 386 praestare.
1105 331 1158 373 In
1201 334 1388 373 extremo
1426 331 1559 387 capite
1596 332 1656 373 sic
1694 330 1989 387 corrigendum
2027 344 2116 373 esse
2153 331 2369 374 iudicavit:
2416 345 2472 373 συ
2478 348 2540 386 μ-

130 399 410 458 μεμιγμένοις
439 407 555 443 πᾶσι
586 402 679 452 τοῖς
708 398 856 451 ἄλλοις
886 397 1236 459 ἐναποκρίνοντα
1267 397 1578 458 ὁμοιομερείας.

309 484 406 540 Cap.
429 486 473 539 5,
508 484 534 525 l.
556 485 581 526 2
613 484 822 539 Bergkius
851 484 981 526 verba
1009 479 1345 540 μετεωρολογίας
1380 482 1455 526 καὶ
1493 488 1540 526 ut
1570 484 1778 540 glossema
1806 484 2004 527 vocabuli
2031 480 2411 540 μεταρσιολεσχίας
2442 489 2538 526 can-

131 555 247 598 cellis
284 556 626 611 circumscripsit:
672 554 832 596 dativos
862 556 1025 597 restitui
1054 555 1145 597 volt
1173 568 1249 610 pro
1279 556 1550 597 nominativis
1580 555 1605 596 1.
1628 556 1673 597 5:
1716 554 1964 612 προσώπου
2001 553 2247 597 συστάσει
2286 552 2538 612 ἀθρύπτῳ

132 621 195 677 εἷς
223 623 389 682 γέλωτα
419 624 495 668 καὶ
526 623 746 683 πρᾳότητι
775 621 960 682 πορείας
989 623 1065 667 καὶ
1090 624 1384 683 καταστολῇ
1408 624 1644 683 περιβολῆς
1667 625 1781 683 πρὸς
1805 623 1926 668 οὐδὲν
1950 623 2361 684 ἐκταραττομένῃ
2386 624 2541 677 πάθος

130 693 176 739 ἐν
210 699 274 753 τῷ
310 694 448 753 λέγειν
478 694 553 739 καὶ
583 694 856 750 πλάσματι
888 702 1033 753 φωνῆς
1063 693 1305 752 ἀθορύβῳ
1336 694 1411 738 καὶ
1443 695 1525 738 ὅσα
1555 702 1754 748 τοιαῦτα,
1792 695 1964 747 πάντας
1993 699 2261 752 θαυμαστῶς
2292 694 2538 756 ἐξέπληττε.

130 767 296 810 Ibidem
325 768 352 810 l.
380 769 435 810 20
468 765 512 809 ἐν
541 768 638 817 ταῖς
668 768 1049 824 συμπεριφοραῖς,
1093 770 1142 808 ut
1173 766 1371 822 Cobetus,
1409 769 1469 809 sic
1501 768 1627 809 etiam
1656 767 1864 823 Bergkius
1908 770 2159 824 suspicatur:
2212 768 2327 810 idem
2370 769 2542 811 anteivit

130 838 339 881 Batavum
377 838 580 880 adnotans
615 838 642 879 1.
663 840 730 880 23.
754 840 811 880 24
848 833 1160 888 δοξοκοπίαν
1197 841 1238 880 et
1274 836 1587 888 δοξοκοπεῖν
1623 838 1759 881 littera
1799 854 1831 892 μ
1869 842 1964 880 ante
1994 853 2033 880 π
2063 843 2241 894 utroque
2270 839 2363 881 loco
2396 839 2544 882 deleta.»

144 954 146 956 ,
311 909 561 964 Conspirant
589 909 720 951 iidem
751 910 902 963 critici,
941 909 1054 964 quod
1086 912 1127 950 et
1160 921 1245 964 cap.
1268 909 1293 950 6
1326 905 1382 966 ἣν
1412 910 1507 964 (pro
1540 907 1664 967 ὅσην)
1692 941 1701 950 .
1731 941 1740 950 .
1773 906 2047 965 ἐνεργάζεται
2081 910 2296 952 emendari
2325 910 2472 952 iubent
2502 914 2543 952 et

132 993 217 1036 cap.
246 981 269 1022 7
309 977 623 1037 ἀποτεθνήκει
661 983 702 1022 et
737 980 798 1021 τὰ
827 978 1056 1034 μάλιστα
1094 978 1336 1036 φαινόμενα
1371 993 1590 1036 perperam
1625 980 1776 1022 tradita
1813 980 2004 1022 credunt:
2052 981 2304 1023 dissentiunt
2340 993 2388 1022 eo
2429 981 2542 1036 quod

131 1050 341 1106 Bergkius
374 1048 594 1104 ἐλάχιστα,
633 1051 791 1108 ἥκιστα
827 1052 957 1093 suasit
988 1050 1178 1093 Cobetus.
1239 1050 1405 1093 Deinde
1443 1051 1557 1106 quod
1590 1050 1771 1093 Cobetus
1803 1051 1912 1093 dixit
1946 1052 1992 1092 in
2028 1051 2121 1093 loco
2159 1052 2346 1094 eiusdem
2379 1053 2542 1107 capitis:

130 1119 267 1163 τᾶλλα
316 1119 366 1163 δὲ
413 1118 566 1179 φίλους
607 1120 682 1164 καὶ
726 1121 906 1179 ῥήτορας
954 1117 1147 1178 ἑταίρους
1188 1119 1367 1172 καθιεὶς
1409 1117 1622 1178 ἔπραττεν
1663 1123 1876 1164 neminem
1918 1122 2006 1164 fore
2052 1124 2125 1177 qui
2169 1122 2409 1164 admonitus
2457 1135 2544 1164 non

121 1191 353 1249 'reponeret
394 1191 470 1235 καὶ
508 1193 689 1250 ῥήτορας
725 1189 806 1234 ἑτέ
812 1207 944 1250 ρους,
985 1194 1062 1234 etsi
1097 1193 1262 1234 facilem
1297 1205 1372 1248 per
1408 1205 1452 1234 se
1487 1193 1654 1234 videtur
1690 1193 2026 1235 emendationem
2056 1195 2339 1248 proposuisse,
2381 1193 2544 1235 facilius

131 1268 274 1306 tamen
305 1263 515 1320 Bergkius
551 1266 703 1306 vitium
739 1263 907 1306 sustulit
937 1264 1272 1305 transmutando:
1317 1261 1452 1304 τᾶλλα
1483 1260 1532 1305 δέ
1562 1259 1714 1320 φίλους
1744 1261 1819 1305 καὶ
1850 1259 1994 1320 ἓταίρ
2005 1278 2090 1313 ους
2120 1262 2340 1320 ῥήτορας
2369 1261 2545 1314 καθιεὶς

135 1330 360 1392 ἔπραττεν.
422 1335 475 1377 111
506 1337 685 1378 transitu
715 1347 867 1377 moneo
900 1334 951 1376 de
983 1336 1236 1376 correctione
1266 1331 1407 1376 ταῦτ’
1441 1330 1513 1376 οὖν
1542 1348 1618 1390 pro
1649 1337 1767 1375 ταῦτ’
1800 1330 1873 1376 οὖν
1902 1336 1948 1376 111
1976 1334 2061 1376 fine
2092 1335 2237 1390 capitis
2269 1337 2413 1376 octavi.

310 1418 407 1475 Cap.
429 1420 455 1460 8
493 1417 815 1475 Ταναγρικὴν
845 1420 887 1459 et
917 1414 1335 1473 ἐρρωμενέστατα
1366 1417 1454 1474 τὴν
1483 1415 1664 1475 μάχην,
1703 1420 1751 1459 ut
1782 1416 1980 1471 Cobetus,
2012 1418 2074 1458 sic
2103 1416 2312 1470 Bergkius
2344 1419 2541 1459 correxit:

132 1502 271 1544 neque
307 1491 510 1531 vitiosum
547 1502 636 1531 esse
671 1489 963 1544 imperfectum
1000 1493 1289 1545 συνεπῃτιᾶτο
1326 1491 1503 1543 uterque
1541 1489 1606 1529 vir
1644 1488 1791 1530 doctus
1827 1501 1915 1529 non
1946 1488 2247 1529 animadvertit.
2309 1487 2418 1529 Vide
2448 1490 2544 1542 iam,

131 1563 277 1602 utrum
312 1562 447 1615 magis
483 1560 659 1615 placeat,
704 1559 903 1602 Cobetine
940 1555 1288 1616 συνεπῃτίατο
1325 1573 1380 1600 an
1410 1559 1582 1613 Bergkii
1620 1557 2054 1616 συνεπῃτιάσατο.
2116 1557 2160 1600 L.
2185 1559 2228 1600 5:
2269 1554 2398 1600 ἔθετο
2434 1559 2544 1612 μετὰ

133 1635 219 1672 τῶν
249 1629 442 1688 φυλετῶν
473 1626 547 1681 εἷς
576 1629 723 1683 λόχον
752 1629 807 1671 τὰ
833 1629 952 1671 ὅπλα
976 1643 1081 1671 1111111
1106 1633 1217 1672 recte
1243 1630 1326 1671 dici
1351 1631 1481 1685 possit
1506 1629 1701 1671 dubium:
1734 1631 1911 1672 coniecit
1934 1630 2142 1685 Bergkius
2171 1627 2356 1683 μεθεὶς
2382 1629 2542 1682 χόλον,

133 1702 247 1757 quod
281 1702 366 1744 loci
406 1703 635 1743 sententiae
672 1702 935 1757 aptissimum
973 1701 1092 1743 duco.
1153 1701 1311 1742 Eadem
1351 1704 1586 1742 correctura
1615 1701 1822 1743 utendum
1851 1701 2024 1743 fortasse
2056 1701 2157 1742 dicit
2185 1700 2311 1755 infra,
2341 1701 2367 1742 1.
2390 1702 2462 1756 31,
2499 1703 2544 1742 in

131 1773 224 1815 loco
257 1770 306 1814 οὗ
335 1772 420 1830 μὴν
451 1770 561 1813 ἀλλὰ
592 1770 668 1814 καὶ
697 1755 829 1828 πρὸς
858 1771 944 1813 τὸν
974 1770 1120 1824 λόχον
1152 1769 1277 1821 ἅπαξ
1304 1769 1459 1829 ἀνέστη
1489 1770 1580 1812 κτλ.
1630 1771 1683 1813 111
1713 1773 1831 1814 exitu
1862 1773 2007 1827 capitis
2039 1784 2137 1813 cum
2167 1775 2276 1814 stare
2306 1785 2394 1814 non
2423 1785 2545 1827 posse

133 1845 398 1899 cognovisset
426 1843 555 1885 verba
586 1841 828 1901 ἐτελεύτησε
859 1840 907 1884 δέ
936 1839 1089 1896 Κίμων
1121 1840 1165 1884 ἐν
1194 1841 1362 1898 Κύπρῳ
1395 1847 1657 1900 στρατηγῶν,
1689 1843 1792 1884 haec
1821 1843 2006 1898 proximi
2037 1843 2181 1897 capitis
2211 1844 2332 1884 initio
2358 1843 2545 1884 attribuit

130 1915 200 1957 vel
240 1916 380 1970 potius
421 1914 650 1970 legendum
690 1915 813 1956 vidit:
859 1911 1045 1971 ἐπειδὴ
1088 1911 1142 1955 δέ
1184 1909 1338 1967 Κίμων
1381 1911 1424 1954 ἐν
1466 1912 1635 1973 Κύπρῳ
1679 1911 1940 1972 ἐτελεύτησε,
1986 1908 2027 1955 οἳ
2072 1911 2153 1968 [δ’]
2193 1911 2544 1971 ἀριστοκρατικοὶ

131 1983 334 2042 μέγιστον
363 1983 443 2039 μὲν
473 1982 553 2044 ἤδη
585 1985 659 2027 τὸν
687 1983 907 2042 Περικλέα
938 1984 1028 2026 κτλ.

311 2068 406 2124 Cap.
428 2070 481 2110 12
519 2070 704 2124 primum
739 2070 786 2110 in
821 2068 1051 2110 levioribus
1086 2069 1199 2109 vitiis
1235 2067 1502 2109 restituendis
1540 2064 1566 2124 ἢ
1596 2066 1634 2108 δ’
1672 2062 1814 2108 ἔστιν
1852 2069 1946 2122 (pro
1984 2062 2166 2121 ἔνεστιν)
2204 2064 2321 2122 αὐτῷ
2358 2068 2403 2120 (1.
2428 2069 2472 2121 9)
2506 2072 2545 2109 et

133 2139 223 2182 δεῖν
255 2142 351 2196 (pro
383 2139 468 2190 δεῖ)
501 2137 549 2181 δὲ
578 2147 655 2196 τῆς
683 2138 855 2189 πόλεως
885 2138 976 2180 κτλ.
1010 2139 1055 2193 (1.
1078 2141 1153 2193 22)
1184 2138 1417 2194 Bergkium
1448 2151 1547 2180 cum
1578 2137 1733 2180 Cobeto
1765 2139 1990 2180 convenire
2019 2138 2281 2180 monendum
2311 2142 2390 2180 est:
2430 2139 2546 2180 addit

133 2215 275 2254 autem
306 2211 358 2254 de
389 2224 467 2253 suo
499 2211 809 2253 emendationes
840 2211 933 2260 τοῖς
964 2206 1285 2266 εἰσφερομένοις
1315 2209 1391 2250 ὑπ’
1424 2206 1554 2266 αὐτῆς
1584 2205 1890 2264 ἀναγκαίοις
1927 2211 2021 2264 (pro
2053 2209 2251 2251 adverbio
2284 2206 2543 2265 ἀναγκαίως)

133 2281 247 2338 πρὸς
281 2282 356 2324 τὸν
391 2280 604 2335 πόλεμον,
644 2295 772 2337 quam
810 2282 983 2336 quidem
1019 2281 1354 2323 emendationem
1392 2293 1446 2322 ex
1476 2280 1502 2321 l.
1526 2282 1599 2322 23:
1639 2279 1729 2321 δεῖν
1766 2277 1814 2321 δέ
1843 2286 1919 2336 τῆς
1948 2278 2121 2330 πόλεως
2150 2278 2545 2338 κατεσκευασμένης

135 2349 292 2404 ἱκανῶς
321 2354 413 2404 τοῖς
443 2348 695 2408 ἀναγκαίοις
724 2352 837 2408 πρὸς
866 2351 940 2394 τὸν
976 2351 1170 2405 πόλεμον
1206 2352 1361 2393 hausit:
1406 2354 1549 2406 postea
1577 2351 1603 2392 1.
1627 2352 1680 2392 15
1702 2351 1852 2407 ὥσπερ
1880 2348 2064 2402 ἀλαζόνα
2090 2351 2268 2406 γυναῖκα
2294 2365 2542 2407 περιαπτο-

134 2422 265 2483 μένην
294 2421 451 2474 λίθους
479 2423 732 2473 πολυτελεῖς
763 2421 881 2479 [καὶ]
915 2420 1175 2478 ἀγάλμασι
1214 2420 1300 2464 καὶ
1331 2423 1475 2472 ναοῖς
1501 2420 1925 2474 χιλιοταλάντοις
1947 2435 2023 2477 pro
2050 2423 2296 2464 accusativis
2319 2423 2544 2475 tralaticiis,

133 2500 345 2551 postremo
378 2491 615 2546 ἐξουσίαν
644 2508 720 2550 pro
752 2490 961 2550 εὐπορίαν
990 2495 1016 2536 l.
1038 2495 1094 2535 24
1126 2493 1373 2536 emendavit.
1434 2493 1659 2549 Ingeniose'
1686 2493 1894 2549 Bergkius

311 2591 398 2634 cap.
422 2580 496 2633 13,
527 2579 553 2620 1.
577 2579 630 2620 32
662 2579 877 2633 prospexit
906 2578 999 2619 loco
1032 2577 1189 2619 Cratini

1021 2658 1165 2701 πάλαι
1197 2659 1276 2715 γὰρ
1309 2656 1431 2710 αὐτό,
1464 2654 1591 2717 φησί,

607 2730 773 2788 λόγοισι
805 2729 990 2787 προάγει
1021 2728 1280 2788 Περικλέης,
1314 2726 1478 2786 ἔργοισι
1510 2728 1548 2771 δ’
1581 2727 1697 2771 οὐδὲ
1727 2731 1878 2781 κινεῖ,

134 2829 232 2858 011111
263 2814 365 2859 οὐδ’
397 2813 616 2857 ἅκαιναν
645 2818 791 2870 poetae
815 2828 991 2856 manum
1016 2827 1208 2856 exarasse
1235 2813 1316 2855 sibi
1340 2814 1621 2868 persuasisset.
1670 2808 1776 2868 Ἐγὼ
1808 2810 1852 2853 δ’
1884 2809 1933 2853 ἐν
1963 2811 2116 2867 πολλῷ
2142 2810 2278 2869 χρόνῳ
2311 2813 2355 2866 (1.
2379 2813 2423 2866 9)
2444 2812 2543 2854 Ρ111-

133 2887 275 2930 tarcho
311 2887 494 2929 reddidit
530 2887 655 2928 etiam
686 2885 883 2927 Cobetus:
922 2885 1035 2927 idem
1072 2889 1113 2927 et
1154 2882 1198 2925 ἐν
1234 2886 1287 2941 τῇ
1324 2882 1456 2940 στήλῃ
1494 2880 1834 2940 ἀναγέγραπται
1872 2885 1966 2939 (pro
2005 2876 2115 2924 εἶναι
2146 2881 2388 2939 γέγραπται
2418 2884 2443 2924 l.
2466 2884 2541 2937 58)

134 2962 175 3000 et
210 2971 268 3000 συ
276 2962 617 3016 στρατηγοῦντος
653 2958 747 3012 (pro
785 2955 1228 3014 ὑποστρατηγοῦντος)
1268 2956 1467 2997 correxit:
1508 2954 1721 3010 displicuit
1750 2954 1932 3009 Bergkio
1971 2955 2095 2995 etiam
2132 2959 2300 3004 ταῶνας
2335 2951 2540 3011 ὑφιέναι.

135 3030 232 3079 ταῖς
262 3025 469 3085 γυναιξίνε
502 3029 678 3070 tentavit
706 3023 945 3069 πιαίνειν
973 3028 1042 3069 vel
1072 3031 1251 3078 πιᾶναι,
1285 3026 1436 3068 (10111ᾱο
1468 3022 1690 3082 ἐφιέναι,
1722 3028 1814 3067 tum
1845 3024 2132 3066 ὑποτεῖναι.

314 3111 409 3167 Cap.
433 3112 506 3162 15,
544 3111 570 3152 1.
593 3111 647 3152 26
684 3111 730 3152 111
760 3109 900 3152 verbis
931 3107 1005 3151 καὶ
1037 3108 1258 3167 φθόγγους
1290 3115 1428 3166 ψυχῆς
1456 3106 1558 3162 μάλ’
1590 3106 1797 3162 ἐμμελοῦς
1827 3106 1941 3164 ἁφῆς
1971 3105 2046 3148 καὶ
2077 3106 2289 3164 κρούσεως
2320 3105 2543 3161 δεομένους

134 3183 343 3239 Bergkius
372 3183 606 3238 genitivum
638 3178 883 3239 δεομένης
913 3181 1094 3223 scribere
1124 3181 1290 3222 maluit:
1323 3181 1504 3222 restituit
1534 3180 1738 3222 sermonis
1768 3180 1948 3220 nitorem
1978 3179 2003 3220 l.
2027 3179 2080 3220 30
2113 3178 2351 3220 scribendo:
2390 3174 2438 3228 ὃς
2467 3176 2542 3220 καὶ

136 3253 213 3311 τὴν
249 3252 382 3295 πόλιν
419 3250 469 3294 ἐκ
498 3250 686 3310 μεγάλης
714 3248 919 3310 μεγίστην
948 3250 1023 3294 καὶ
1054 3248 1387 3309 πλουσιωτάτην
1417 3249 1610 3308 ποιήσας
1639 3247 1714 3291 καὶ
1745 3248 1966 3305 γενόμενος
1998 3247 2126 3305 [καὶ]
2160 3248 2335 3302 δυνάμει
2366 3247 2542 3291 πολλῶν

135 3321 350 3378 βασιλέων
379 3321 454 3365 καὶ
485 3321 697 3380 τυράννων
727 3320 975 3380 ὑπέρτερος,
1009 3318 1067 3364 ὧν
1098 3318 1205 3364 ἔνιοι
1237 3319 1311 3364 καὶ
1343 3318 1665 3378 ἐπί(τροπον)
1697 3322 1789 3371 τοῖς
1819 3316 1929 3362 υἱέσι
1961 3318 2172 3362 διέθεντο.
