2762 3762
1159 229 1423 268 -7-

660 360 732 397 νῦν
761 354 799 397 δ’
832 352 912 413 ἤδη
943 354 1207 407 τεθόλωται,
1239 355 1352 413 ὕδωρ
1383 356 1422 398 δ’
1454 353 1737 414 ἀναμίσγεται
1769 354 1892 410 ἷλυῖ,

730 424 862 484 ἄλλης
892 425 946 483 δὴ
976 426 1131 486 κρήνης
1159 423 1325 481 πίομαι
1357 426 1383 485 ἢ
1413 434 1618 482 ποταμοῦ

89 511 278 551 extrema
306 508 436 550 verba
465 522 552 550 non
584 509 722 551 solum
751 509 872 551 iners
902 510 1266 564 additamentum,
1300 510 1413 565 quod
1438 510 1620 566 Bergkio
1650 512 1790 553 visum
1821 514 1900 566 est,
1937 512 2169 562 continent,
2207 524 2356 554 verum
2381 512 2505 567 plane

87 578 354 621 incredibile:
393 580 650 621 mirandum
681 592 780 621 sane
805 580 1023 635 placuisse
1047 584 1198 636 poetae
1228 581 1373 635 verba,
1405 581 1483 636 qui
1506 582 1678 637 puellae
1707 582 1872 637 infidae
1901 596 1945 625 se
1974 582 2068 624 iam
2097 582 2183 624 alio
2212 582 2332 637 fonte
2362 583 2501 624 mini—

93 652 207 692 tetur
241 650 308 692 vel
336 650 438 692 adeo
468 650 655 706 flumine
685 664 894 705 usurum,
931 665 1085 706 nempe
1115 652 1230 706 quod
1258 651 1461 694 omnibus
1484 655 1653 708 pateat,
1685 653 1813 695 euius
1842 667 1959 708 aqua
1987 667 2080 695 non
2110 640 2295 708 limpida
2325 654 2506 709 eoyitari

82 720 242 776 possit,
274 721 349 762 sed
379 721 562 763 turbata.
624 720 688 762 Re
718 735 820 763 vera
849 722 951 764 haee
981 725 1119 764 essent
1148 723 1358 764 amatoris
1387 723 1499 765 male
1527 723 1766 779 fastidiosi,
1796 724 1931 766 immo
1962 738 2107 766 seeum
2131 725 2394 780 pnynantis,
2427 725 2506 779 qui

86 791 211 833 modo
241 805 292 834 ae
316 792 450 847 plane
473 791 626 847 paullo
656 795 758 834 ante
787 792 977 835 dixerat:
1016 788 1112 834 ἔστε
1141 790 1219 846 μὲν
1250 791 1377 843 αὐτὸς
1414 793 1463 850 (i.
1478 808 1509 836 e.
1540 793 1679 848 solus)
1717 790 1879 835 ἔπινον.
1938 794 2154 836 Hactenus
2183 798 2294 837 recte
2333 795 2505 850 quidem

87 859 375 904 Harteliusa
410 862 524 904 1879
562 863 609 903 in
638 863 870 917 Analectis,
910 875 1018 919 quae
1055 863 1204 905 studiis
1235 863 1637 907 Vindobonensibus
1673 866 1828 907 inserta
1864 868 1978 917 sunt,
2016 866 2227 921 siquidem
2264 867 2369 921 quin
2400 861 2505 907 ἶλυῖ

87 945 164 988 pro
195 931 287 974 ὕδει
319 933 371 975 ab
390 933 602 975 Ahrensio
633 931 739 975 iure'
756 938 990 976 correctum
1020 935 1074 976 sit
1102 947 1190 976 non
1221 939 1283 976 est
1314 935 1510 977 dubium:
1543 939 1586 977 at
1611 936 1725 991 quod
1749 937 1838 991 ipse
1855 935 2071 978 Hartelius
2096 937 2258 978 invenit
2283 937 2335 978 ad
2353 938 2503 979 vitium

88 1003 395 1046 removendum

656 1072 788 1133 ἄλλης
818 1074 871 1132 δὴ
901 1074 1055 1133 κρήνης
1085 1071 1214 1129 πίομ’
1246 1073 1552 1134 ἑπηετανοῦ,

87 1159 147 1199 ut.
170 1156 295 1212 plane
332 1157 479 1199 eodem
518 1158 697 1213 epitheto
733 1158 900 1213 fontem
937 1159 1077 1200 ornari
1112 1160 1298 1214 potuisse
1337 1165 1420 1214 quo
1459 1160 1580 1202 labra
1617 1163 1658 1202 et
1692 1161 1946 1215 aquationes
1984 1158 2160 1213 (πλυνοὶ
2199 1164 2240 1203 et
2270 1159 2428 1218 ἀρδμοὶ
2458 1163 2504 1203 111

88 1226 277 1282 Odyssea
314 1225 338 1279 ζ
366 1229 421 1270 86
462 1233 503 1271 et
533 1244 556 1269 ν
588 1230 694 1283 287)
732 1229 977 1283 concedam,
1016 1243 1273 1284 quamquam
1304 1243 1393 1272 rem
1423 1231 1482 1272 ita
1513 1243 1603 1273 esse
1634 1231 1781 1273 eodem
1813 1232 2005 1287 exemplo
2039 1231 2315 1274 demonstrari
2344 1234 2502 1288 nequit,

87 1302 229 1341 tamen
261 1312 348 1341 non
380 1299 432 1342 de
457 1300 749 1355 perennitate,
782 1300 855 1342 sed
888 1300 939 1342 de
970 1301 1249 1356 limpitudine
1279 1301 1418 1356 fontis
1448 1302 1528 1343 hoc
1558 1302 1651 1343 loco
1683 1303 1751 1357 agi
1782 1315 1836 1344 ex
1865 1303 1966 1358 ipsis
1996 1301 2176 1344 Hartelii
2206 1303 2345 1344 verbis
2381 1303 2503 1345 facile

91 1371 350 1425 cognoveris.
412 1370 561 1425 Itaque
590 1383 645 1412 ne
680 1370 891 1426 Bergkius
936 1371 1124 1426 quidem,
1168 1373 1245 1414 etsi
1287 1373 1422 1428 magis
1463 1373 1600 1428 placet
1636 1376 1874 1415 correctura
1909 1374 2000 1415 eius
2037 1371 2316 1430 ἡδυπότου,
2354 1387 2503 1416 verum

86 1440 256 1482 videtur
285 1441 460 1495 vidisse,
490 1443 734 1497 praesertim
765 1454 864 1483 cum
895 1441 1148 1484 adiectivum
1179 1441 1414 1499 ἡδύποτος,
1445 1443 1543 1486 licet
1567 1444 1620 1485 ad
1643 1445 1734 1486 vini
1754 1444 2021 1486 dulcedinem
2042 1444 2361 1500 significandam
2380 1458 2503 1500 saepe

86 1515 331 1567 usurpetur,
362 1516 502 1554 tamen
533 1526 745 1567 nusquam
777 1513 891 1568 quod
921 1514 1051 1555 sciam
1080 1527 1218 1568 aquae
1249 1514 1508 1556 attribuatur.
1571 1513 1760 1570 Dignum
1791 1528 1922 1556 manu
1951 1518 2097 1570 poetae
2126 1515 2294 1556 videtur
2324 1528 2414 1557 esse

656 1593 788 1654 ἄλλης
818 1594 871 1653 δὴ
901 1595 1057 1654 κρήνης
1085 1592 1214 1650 πίομ’
1247 1593 1549 1654 ἀκηρασίου,

85 1676 218 1732 idque
246 1678 388 1733 ipsum
419 1691 444 1719 a
474 1677 723 1719 traditarum
751 1679 987 1720 littera-rum
1016 1679 1150 1721 forma
1174 1679 1792 1732 HIOMAIHHOTAMOY,
1831 1693 1930 1722 cum
1963 1680 2119 1735 quibus
2150 1680 2338 1722 conferas
2369 1681 2498 1723 velim

85 1742 630 1835 HIOBMKffpACIOY'
662 1797 750 1826 non
780 1786 907 1827 nimis
937 1785 1102 1827 recedit.
1159 1785 1367 1841 Exemplo
1399 1789 1461 1827 est
1489 1786 1537 1827 11.
1569 1786 1610 1827 Ω
1642 1788 1745 1828 303:
1790 1784 1952 1843 Χερσὶν
1987 1785 2100 1843 ’ὕδωρ
2139 1783 2337 1838 ἐπιχεῦαι
2376 1784 2500 1844 ἀκή-

87 1869 262 1911 ρατον,
294 1855 371 1897 ubi
401 1855 576 1908 scholia,
610 1855 724 1910 quod
755 1856 966 1911 explicant
995 1855 1224 1912 καθαρόν,ο
1244 1854 1530 1909 ἀθόλωτον,
1570 1853 1795 1910 ἀμίαντον,
1835 1858 1983 1899 eodem
2016 1857 2145 1899 verbo
2175 1861 2357 1899 utuntur
2387 1859 2502 1913 quod

85 1927 175 1981 ipse
215 1925 424 1982 Theognis
471 1939 510 1967 v.
541 1927 622 1968 961
669 1928 842 1982 opponit
884 1928 1064 1982 epitheto
1107 1928 1234 1970 fontis
1278 1925 1525 1986 ἀκηράσιος.
1596 1928 1791 1970 Ceterum
1833 1929 2021 1970 conferas
2058 1929 2184 1971 etiam
2222 1927 2300 1971 Od.
2338 1944 2355 1970 ι
2395 1930 2498 1971 203;

89 1990 254 2039 οἶνον..
287 1996 407 2054 ἡδύν,
440 1994 742 2055 ἀκηράσιον,
774 1999 900 2040 θεῖον
931 1997 1080 2040 ποτόν.

263 2067 361 2110 XV.
422 2068 474 2110 In
524 2069 798 2111 emendandis
841 2069 1034 2111 versibus
1081 2070 1206 2111 1043.
1247 2071 1361 2111 1044
1405 2082 1503 2111 cum
1553 2070 1604 2111 ab
1643 2083 1790 2112 eorum
1839 2070 2035 2112 codicum
2082 2070 2260 2112 lectione
2313 2070 2501 2126 proficis-

87 2139 268 2182 cendum
297 2143 461 2195 putem,
491 2140 536 2181 in
569 2139 723 2194 quibus
752 2140 907 2196 legitur
937 2135 965 2181 ἆ
997 2139 1224 2197 στυφελῆς,
1258 2141 1373 2182 1111110
1402 2141 1446 2182 111
1477 2141 1655 2183 modum
1685 2154 1834 2183 censeo
1866 2145 1906 2183 et
1937 2141 2284 2196 distinguendum
2309 2145 2349 2183 et
2374 2143 2500 2183 corri-

86 2210 276 2266 gendum
306 2223 415 2253 esse:
775 2200 783 2221 Χ

658 2280 866 2335 εῧδωμεν,
895 2281 1066 2339 φυλακὴ
1097 2279 1146 2323 δὲ
1178 2281 1338 2332 πόλευς
1369 2280 1609 2339 φυλάκεσσι
1640 2281 1838 2339 μελήσει,-

728 2348 756 2393 ἆ
788 2360 1037 2410 σμυγερῆς
1068 2351 1221 2410 ἐρατῆς
1251 2349 1466 2410 πατρίδος
1496 2350 1714 2411 ἡμετέρης.

264 2434 385 2477 XVI.
446 2435 498 2477 V.
527 2436 640 2478 1169
672 2448 776 2491 seq.:

654 2516 703 2560 ἐκ
733 2515 1026 2577 καχεταιρείης
1055 2518 1170 2561 κακὰ
1201 2515 1383 2574 γίνεται·
1416 2515 1462 2561 εὗ
1493 2517 1540 2560 δὲ
1571 2516 1646 2560 καὶ
1677 2516 1806 2569 αὐτός

730 2588 887 2647 γνώσῃ,
921 2587 1021 2631 ἐπεὶ
1050 2588 1261 2646 μεγάλους
1292 2587 1435 2647 ἤλιτες
1465 2587 1716 2640 ἀθανάτους

87 2671 142 2713 ad
172 2684 265 2714 eam
296 2671 647 2727 emendationem,
680 2686 809 2727 quam
831 2672 1040 2728 Bergkius
1070 2675 1117 2715 in
1147 2674 1284 2728 prima
1313 2673 1543 2726 lyricorum
1574 2673 1756 2715 editione
1785 2674 2003 2729 proposuit
2034 2669 2134 2714 ἐπεὶ
2164 2669 2292 2728 μέγα
2322 2671 2495 2725 θεούς,

87 2742 418 2785 confirmandam
447 2743 631 2785 multum
659 2743 830 2798 prodest
858 2756 1005 2791 Versus
1037 2743 1155 2786 Sonti
1186 2744 1302 2799 quod
1331 2744 1463 2786 fertur
1491 2744 1693 2786 Hesiodei
1727 2745 1780 2786 79
1802 2757 1906 2799 seq.:

655 2823 681 2883 ἦ
710 2841 753 2867 τι
784 2823 878 2881 μέγ’
910 2823 1157 2876 ἀθανάτους
1185 2824 1402 2883 μάκαρας,
1434 2824 1502 2869 τοὶ
1522 2822 1754 2881 ’Όλυμπον
1784 2822 1960 2879 ἔῇςουσιν,

658 2894 799 2954 ἤλιτεν
828 2893 1120 2954 Ἀμφιτρύων,

89 2993 347 3035 quamquam
377 2993 432 3022 ne
463 2980 531 3021 hic
563 2979 734 3035 quidem
763 2980 881 3022 100118
910 2981 1180 3036 incorruptus
1206 2993 1295 3023 esse
1325 2981 1430 3022 mihi
1455 2981 1628 3023 videtur.
1681 2980 1871 3023 Correxit
1894 2980 2184 3022 Hermannus:
2211 2973 2276 3020 ‘H
2300 2977 2411 3035 μέγα
2442 2978 2494 3037 δή

87 3065 132 3092 τι
168 3050 300 3100 θεοὺς
327 3049 544 3108 μάκαρας,
576 3050 708 3093 veluti
739 3051 852 3106 apud
882 3051 1158 3106 Apollonium
1188 3051 1403 3093 Rhodium
1433 3053 1475 3092 Γ
1495 3053 1579 3094 890
1611 3053 1868 3094 invenimus:
1904 3045 1958 3091 Ὦ
1988 3046 2134 3107 φίλαι,
2167 3047 2193 3108 ἦ
2223 3049 2334 3106 μέγα
2365 3049 2418 3108 δή
2448 3065 2492 3091 τι

89 3120 340 3178 παρήλιτον,
374 3122 585 3177 eleganter
612 3121 694 3175 ille,
720 3122 794 3164 sed
812 3122 954 3177 paullo
972 3123 1210 3177 violentius,
1240 3123 1277 3165 si
1299 3123 1405 3164 mihi
1429 3123 1581 3165 credis:
1614 3123 1721 3164 nihil
1738 3126 1840 3178 puto
1866 3122 2162 3177 corrigendum
2186 3123 2267 3164 nisi
2294 3136 2351 3173 τι,
2380 3121 2494 3176 quod
2534 3145 2538 3148 -

88 3191 286 3234 facillime
316 3192 532 3235 emendari
561 3196 696 3248 potest
728 3192 967 3234 scribendo:

655 3272 682 3332 ἦ
710 3289 764 3317 τε
792 3272 885 3330 μέγ’
918 3273 1165 3326 ἀθανάτους
1193 3274 1410 3333 μάκαρας,
1441 3274 1510 3318 τοὶ
1530 3271 1762 3330 ’Όλυμπον
1791 3271 1973 3328 ἒῇςουσιν,

656 3343 798 3403 ἤλιτεν
826 3342 1110 3403 Ἀμφιτρύων.
