2762 3762
1206 225 1468 266 -9-

704 351 797 411 ἢτοι
831 352 854 395 ὁ
884 350 963 407 μὲν
993 350 1262 410 πτολίεθρον
1292 351 1453 409 ἀγαυοῦ
1482 351 1703 410 Μιλήτοιο

703 422 960 481 νοσφισθεὶς
988 420 1192 480 Ἐργῖνος,
1224 423 1248 466 ὁ
1283 423 1321 465 δ’
1351 420 1594 482 Ἰμβρασίης
1624 419 1720 473 ἕδος
1740 417 1895 479 ζἨρης,

702 491 975 553 Παρθενίην,
1007 491 1208 551 Ἀγκαῖος
1237 492 1444 551 ὑπέρβιος

135 571 176 610 et
205 567 319 623 apud
349 566 533 609 eundem
562 569 727 622 poeta-m
756 565 820 607 IV
841 566 924 607 362
946 579 1050 622 seq-z

700 646 873 706 πάτρην
902 663 950 690 τε
981 646 1085 691 κλέα
1116 663 1163 690 τε
1191 646 1388 705 μεγάρων
1418 644 1571 698 αὐτούς
1600 662 1647 689 τε
1677 653 1834 703 τοκῆας

703 717 993 777 νοσφισάμην,
1026 717 1082 760 τά
1110 733 1187 772 μοι
1218 716 1289 776 ἦεν
1319 716 1554 775 ὑπέρτατα.

313 802 518 853 Quocirca
547 815 635 844 non
666 802 813 844 dubito
846 803 950 857 quin
980 802 1110 844 semel
1139 803 1326 844 monitus
1355 803 1634 857 rescripturus
1664 802 1739 843 sis:

701 884 870 940 πατρὸς
900 885 1194 942 νοσφισθεῖσα
1225 883 1400 938 δόμον,
1433 882 1572 941 ξανθὴ
1600 880 1851 940 Ἀταλάντη.

311 967 411 1010 XX.
472 967 707 1010 Literarum
744 969 946 1023 vestigiis,
985 980 1092 1022 quae
1127 969 1173 1009 in
1210 968 1299 1010 cod,
1331 968 1373 1010 A
1403 970 1644 1023 comparent
1672 963 1909 1024 παιδαϊδη,
1942 965 2014 1007 alii
2044 965 2124 1007 alio
2156 965 2282 1007 modo
2313 964 2367 1006 ad
2397 967 2544 1020 poetae

133 1051 308 1081 manum
336 1038 638 1081 restituendam
667 1040 736 1081 usi
766 1042 883 1081 sunt:
915 1038 1166 1080 dubitanter
1196 1038 1422 1094 Bergkius:

1129 1108 1180 1151 σὺ
1211 1107 1259 1151 δὲ
1289 1115 1426 1151 ταῦτα
1456 1106 1661 1166 φύλαξαι,

701 1177 812 1238 μηδέ
842 1193 891 1221 σε
921 1179 1073 1237 νικήσῃ
1104 1179 1249 1222 παῖδ’
1282 1178 1412 1237 ἀδαῆ
1443 1178 1641 1238 κακότης.

133 1263 193 1306 At
213 1263 386 1319 languet
410 1264 690 1305 accusativus:
718 1275 872 1317 sequor
889 1263 1018 1317 igitur
1042 1276 1135 1305 eam
1159 1265 1273 1305 viam
1293 1276 1378 1318 qua
1401 1264 1502 1305 scite
1523 1262 1570 1304 G.
1589 1262 1861 1304 Hermannus
1884 1262 2076 1317 praeivit:
2111 1262 2185 1315 qui
2211 1273 2309 1302 cum
2335 1261 2546 1316 eleganter

133 1332 326 1384 παιδὸς
354 1329 441 1392 ἴση
472 1335 711 1388 coniecerit,
742 1346 820 1375 nos
851 1347 979 1386 quam
1008 1335 1192 1376 maxime
1223 1334 1276 1375 ad
1306 1334 1523 1376 literarum
1547 1333 1796 1375 traditarum
1813 1333 1987 1388 vestigia
2007 1333 2305 1374 convenienter
2322 1333 2545 1374 inventum

133 1406 215 1447 viri
244 1406 474 1447 acutissimi
503 1405 652 1447 leniter
683 1405 742 1446 sic
771 1405 1065 1458 immutamus,
1095 1409 1144 1446 ut
1173 1405 1401 1447 reddamus
1430 1409 1595 1459 poetae:

1132 1487 1184 1529 σὺ
1215 1485 1263 1529 δὲ
1292 1492 1426 1529 ταῦτα
1457 1484 1657 1544 φύλαξαι,

703 1555 814 1616 μηδέ
844 1571 892 1600 σε
923 1557 1085 1616 νικήσῃ,
1117 1559 1217 1600 παῖ
1247 1556 1368 1610 κάλ’,
1400 1553 1487 1616 ἴση
1518 1556 1716 1615 κακότης.

134 1641 325 1684 Eandem
359 1642 480 1697 pueri
516 1641 827 1683 adlocutionem
863 1642 1053 1683 invenias
1090 1655 1128 1682 V.
1151 1642 1263 1683 1280
1302 1645 1429 1696 atque
1459 1642 1550 1696 pari
1579 1641 1704 1682 modo
1735 1640 1944 1696 Bergkius
1974 1653 2145 1682 versum
2175 1640 2385 1695 supplevit
2418 1640 2543 1682 1331.

312 1735 435 1778 XXI.
497 1735 551 1777 In
579 1736 842 1791 Theogoniae
872 1735 1155 1778 Hesiodeae
1186 1736 1377 1778 versibus
1400 1737 1494 1778 309
1521 1749 1653 1791 seqq.:

698 1813 869 1875 ’Όρθον
897 1816 976 1872 μὲν
1005 1824 1182 1876 πρῶτον
1211 1818 1317 1860 κύνα
1348 1815 1515 1874 γείνατο
1546 1820 1774 1876 Γηρυονῆι·

706 1888 900 1945 δεύτερον
930 1885 1053 1940 αὖτις
1084 1885 1248 1933 ἔτικτεν
1279 1887 1509 1947 ἀμήχανον,
1542 1886 1591 1931 οὔ
1620 1904 1664 1930 τι
1696 1887 1877 1946 φατειόν

703 1958 933 2016 Κέρβερον,
966 1959 1184 2019 ὠμηστήν,
1215 1957 1368 2002 ’Λίδεω
1398 1959 1504 2002 κύνα
1532 1958 1842 2017 χαλκεόφωνον,

704 2029 1179 2089 πεντηκοντακέφαλον,
1212 2029 1391 2073 ἀναιδέα
1421 2046 1468 2074 τε
1498 2029 1702 2088 κρατερόν
1731 2046 1790 2083 τε,

137 2127 215 2170 ego
257 2127 344 2156 non
386 2117 473 2156 tam
514 2115 557 2156 in
597 2127 645 2156 eo
684 2115 868 2168 offendo,
912 2115 1025 2170 quod
1063 2114 1266 2157 Cerberus
1304 2112 1517 2172 ἀμήχανος
1554 2114 1723 2168 dicitur,
1768 2115 1882 2170 quod
1919 2127 2017 2156 cum
2052 2113 2093 2156 N
2094 2115 2243 2156 auckio
2286 2114 2547 2156 intolerabile

138 2185 366 2236 videretur,
408 2186 455 2227 in
490 2184 769 2227 Miscellaneis
807 2185 1200 2228 Graeco-Romanis
1236 2185 1301 2227 III
1333 2187 1388 2227 23
1435 2181 1733 2239 ἀμαίμακον
1769 2187 1921 2239 corrigi
1956 2198 2126 2228 necesse
2157 2198 2246 2227 esse
2277 2187 2544 2240 existimavit,

139 2256 212 2299 sed
254 2257 300 2298 in
343 2256 644 2298 adiectivorum
686 2259 841 2298 temere
885 2260 926 2298 et
966 2257 1085 2298 nullo
1124 2257 1269 2298 ordine
1307 2258 1591 2312 appositorum
1626 2257 1831 2312 indigesta
1866 2257 1994 2298 mole:
2042 2269 2146 2311 opus
2184 2260 2246 2299 est
2282 2256 2542 2299 substantivo

54 2371 64 2378 „
140 2328 299 2382 aliquo,
335 2331 385 2369 ut
420 2327 623 2369 adiectiva
659 2327 838 2368 habeant
873 2328 918 2368 in
956 2340 1039 2382 quo
1075 2328 1271 2369 nitantur.
1327 2327 1475 2382 Neque
1510 2340 1610 2369 vero
1649 2328 1722 2370 diu
1759 2327 2047 2383 quaerendum
2085 2328 2198 2382 quod
2233 2340 2390 2369 nomen
2419 2328 2546 2369 libra-

140 2399 300 2440 riorum
329 2398 492 2439 incuria
523 2398 747 2453 expulsum
777 2399 840 2439 sit.
889 2397 1049 2440 Notum
1080 2402 1142 2440 est
1171 2399 1422 2454 saepissime,
1460 2399 1662 2454 quicquid
1698 2398 1977 2454 insuperabile
2009 2402 2049 2440 et
2073 2399 2402 2441 abominandum
2433 2399 2548 2441 vide-

145 2469 283 2523 batur,
319 2468 364 2510 id
399 2467 534 2510 κακὸν
570 2469 638 2511 vel
674 2475 802 2525 πῆμα
838 2469 905 2511 vel
941 2466 1066 2525 τέρας
1103 2483 1128 2511 a
1162 2470 1296 2524 poetis
1328 2468 1496 2511 Graecis
1533 2471 1684 2511 vocari.
1745 2469 1961 2512 Nonnulla
1997 2482 2020 2511 e
2056 2470 2201 2512 multis
2232 2470 2377 2511 afferre
2406 2470 2546 2511 liceat:

147 2538 297 2582 τυκτὸν
339 2538 473 2581 κακὸν
513 2539 625 2582 Mars
669 2540 820 2581 dicitur
861 2541 900 2580 E
940 2541 1043 2591 831,
1086 2539 1220 2582 κακὸν
1263 2538 1543 2596 ἀνθρώποισι
1589 2540 1807 2583 Chimaera
1847 2542 1900 2581 H
1933 2542 2034 2595 329,
2072 2541 2224 2583 similia
2265 2541 2463 2595 leguntur
2499 2540 2552 2582 de

143 2611 386 2669 Typhaone,
423 2611 545 2653 cuius
580 2612 877 2666 procreationis
913 2611 992 2653 hoo
1027 2613 1118 2667 ipso
1155 2612 1248 2653 loco
1280 2612 1436 2654 mentio
1467 2611 1575 2653 facta
1606 2615 1683 2663 est,
1720 2613 1766 2653 in
1796 2612 1955 2665 hymno
1986 2613 2031 2653 in
2061 2612 2303 2667 Apollinem
2334 2612 2548 2666 Pythium,

145 2695 270 2737 quem
313 2681 455 2723 locum
492 2681 746 2724 Hesiodeam
784 2682 983 2724 narrandi
1019 2683 1224 2724 rationem
1260 2695 1358 2737 prae
1396 2694 1440 2724 se
1474 2682 1582 2724 ferre
1621 2682 1785 2724 dudum
1821 2683 1931 2725 inter
1965 2683 2157 2725 homines
2194 2682 2337 2724 doctos
2374 2686 2545 2735 constat,

143 2766 181 2794 v.
210 2753 291 2794 171
326 2764 462 2807 seqq.:

713 2832 805 2876 ἀλλ’
837 2834 908 2877 ὅτε
939 2834 992 2893 δὴ
1023 2835 1168 2886 νύκτες
1197 2850 1244 2877 τε
1274 2833 1349 2877 καὶ
1382 2832 1537 2892 ἡμέραι
1569 2833 1827 2886 ἐξετελεῦντο

711 2904 781 2961 ἂψ
810 2904 1167 2962 περιτελλομένου
1198 2902 1313 2956 ἔτεος
1342 2904 1418 2947 καὶ
1450 2904 1672 2964 ἐπήλυθον
1702 2902 1830 2963 ὧραι,

713 2977 738 3034 ἡ
770 2975 808 3018 δ’
840 2973 948 3018 ἔτεκ’
980 2975 1076 3019 σ’ύτε
1107 2978 1231 3027 θεοῖς
1261 2973 1499 3033 ἐναλίγκιον
1530 2975 1625 3019 οὔτε
1654 2979 1868 3034 βροτοῖσι,

713 3046 850 3090 δεινόν
880 3047 918 3088 τ’
950 3046 1156 3105 ἀργαλέον
1185 3063 1232 3090 τε
1267 3046 1489 3105 Τυφάονα,
1521 3055 1668 3105 πῆμα
1697 3049 1926 3103 βροτοῖσιν.

713 3114 869 3160 αὐτίκα
900 3117 1022 3161 τόνδε
1051 3118 1242 3173 λαβοῦσα
1271 3121 1445 3173 βοῶπις
1473 3117 1636 3161 πότνια
1659 3115 1774 3177 (Ὴρη

714 3187 849 3230 δῶκεν
880 3185 1036 3231 ἔπειτα
1068 3187 1257 3247 φέρουσα
1288 3191 1428 3246 κακῷ
1459 3188 1634 3231 κακόν·
1668 3190 1694 3247 ἡ
1726 3189 1764 3231 δ’
1796 3187 2020 3232 ὑπέδεκτο.

139 3266 331 3325 ’Ἀμαχον
360 3269 509 3323 κακόν,
545 3274 590 3313 ut
619 3273 676 3313 ait
700 3271 908 3315 Pindarus
929 3272 1071 3327 (Pyth.
1093 3275 1137 3328 2,
1160 3274 1247 3327 76),
1279 3272 1526 3327 διαιβολιοῒν
1550 3271 1810 3329 ὑποφάτιεςῑ
1845 3275 2029 3315 maxime
2054 3278 2194 3316 autem
2220 3275 2271 3316 ad
2291 3274 2551 3316 Hesiodeum

147 3343 288 3384 locum
319 3342 628 3384 emendandum
659 3343 768 3385 valet
798 3342 962 3397 Scyllae
993 3344 1212 3399 descriptio
1244 3343 1469 3386 Homerica
1498 3359 1530 3397 μ
1564 3344 1666 3398 118,
1698 3344 1749 3385 de
1781 3357 1865 3398 qua
1894 3347 2032 3399 poeta:

2245 3417 2268 3448 9
