2762 3762
1355 226 1618 266 -8-

276 357 425 400 Habeo
463 357 546 399 alia
582 369 770 412 quoque,
808 368 915 411 quae
950 367 1200 410 proponam,
1236 354 1353 396 velut
1384 346 1449 395 ‘H
1478 351 1652 410 μεγάλ’
1690 351 1939 406 ἀθανάτους
1975 356 2067 410 (cfr.
2105 370 2130 397 υ
2163 357 2268 409 113)
2304 357 2372 399 vel
2405 350 2469 398 'H
2500 358 2560 412 ῥα
2594 353 2690 412 μέγ’

278 426 527 478 ἀθανάτους
556 440 611 470 ex
634 427 851 483 Apollonii
881 426 1009 467 altero
1040 424 1150 467 libro
1180 438 1218 466 v.
1240 426 1345 466 241:
1373 417 1438 466 ‘H
1463 426 1517 482 ῥα
1547 424 1679 476 θεοὺς
1708 422 1855 484 ὀλοῇσι
1885 425 2123 485 παρήλιτες
2159 423 2439 485 ἀφραδίῃσιν,
2478 427 2553 471 sed
2582 427 2691 470 illud

276 500 411 555 magis
440 499 576 555 placet
605 501 774 554 propter
802 497 1042 539 facilitatem
1072 497 1326 538 mutationis.

455 581 596 638 XVII„
657 581 816 623 Parum
846 582 939 635 apte
971 579 1055 621 dici
1085 592 1123 620 v.
1146 579 1257 620 1177
1286 591 1389 634 seq.:

846 657 891 704 εἴ
916 661 956 704 κ’
989 657 1079 719 εἰἠς
1109 658 1242 718 ἔργων
1272 657 1457 716 αἰσχρῶν
1488 659 1674 719 ἀπαθὴς
1702 659 1778 703 καὶ
1810 659 1976 718 ἀεργός,

918 731 1073 789 Κύρνε,
1105 728 1311 790 μεγίστην
1341 746 1413 774 κεν
1443 733 1602 789 πεῖραν
1631 730 1744 786 ἐγοις
1774 730 1943 790 ἀρετῆς,

281 831 380 861 cum
409 818 617 874 Bergkius
647 817 837 871 vidisset,
873 817 1034 873 πεῖραν
1065 814 1171 871 ἕλῷς
1199 817 1225 858 i.
1246 828 1279 858 e.
1312 811 1374 866 εἰς
1403 816 1562 872 πεῖραν
1592 811 1744 867 ἔλθοις
1773 820 1940 872 poetam
1969 819 2182 873 scripsisse
2220 818 2458 861 dubitanter
2494 819 2688 862 coniecit:

277 890 382 931 mihi
412 902 499 932 non
530 884 659 942 ἔχοις,
691 888 766 930 sed
795 889 954 943 πεῖραν
985 889 1135 930 vitium
1165 887 1333 930 videtur
1362 888 1638 939 contraxisse,
1668 888 1790 930 facile
1820 887 2056 930 sanandum
2085 889 2191 931 illud
2223 890 2394 945 quidem
2424 890 2689 946 corrigendo:

847 965 892 1012 εἷ’
919 970 957 1012 κ’
990 964 1082 1028 εἰἠς
1111 966 1243 1027 ἔργων
1272 965 1458 1026 αἰσχρῶν
1489 967 1674 1028 ἀπαθὴς
1703 968 1779 1024 καὶ
1811 968 1978 1026 ἀεργός,

917 1040 1072 1097 Κύρνε,
1104 1037 1310 1098 μεγίστην
1340 1055 1413 1083 κεν
1441 1042 1628 1097 μοῖραν
1658 1037 1771 1094 ἑῇςοις
1801 1039 1965 1099 ἀρετῆς.

276 1126 407 1169 Poeta
437 1138 536 1168 eum
567 1127 641 1182 qui
670 1138 749 1167 nec
779 1126 960 1181 patiatur
989 1126 1128 1180 turpia
1156 1138 1236 1167 nec
1265 1125 1390 1167 faciat
1420 1125 1651 1166 maximam
1679 1126 1847 1167 virtutis
1871 1129 2032 1181 partem
2056 1125 2254 1182 adeptum
2273 1139 2363 1170 esse
2381 1127 2492 1170 dicit.
2534 1127 2693 1171 Exem-

276 1197 337 1254 pli
372 1198 505 1253 gratia
540 1196 667 1239 laudo
707 1195 782 1238 Od.
803 1212 827 1237 v
850 1197 951 1238 170:
991 1193 1080 1237 οὐδ’
1118 1191 1266 1246 αἰδοῦς
1300 1197 1487 1252 μοῖραν
1523 1191 1725 1248 ἔχουσιν
1760 1199 1801 1239 et
1838 1209 1893 1238 ex
1922 1198 2014 1252 ipso
2044 1197 2286 1253 Theognide
2315 1213 2353 1240 v.
2376 1196 2694 1258 15οεἀρετῆς

278 1267 316 1311 δ’
348 1264 511 1324 ὀλίγοις
541 1266 722 1325 ἀνδράσι
752 1267 886 1323 μοῖρ’
919 1263 1088 1308 ἕπεται.

454 1339 618 1382 XVIII.
679 1339 733 1381 In
762 1339 937 1380 v.1178
958 1351 1090 1394 seqq:

848 1407 965 1460 οὔτις
995 1407 1162 1452 ἄποινα
1194 1408 1340 1460 διδοὺς
1368 1408 1564 1452 θάνατον
1593 1409 1723 1467 φύγοι
1754 1408 1854 1453 οὐδὲ
1882 1412 2060 1468 βαρεῖαν

919 1477 1160 1540 δυστυχίην,
1194 1476 1234 1523 εἷ
1263 1480 1323 1539 μὴ
1352 1481 1468 1537 μοῖρ’
1501 1478 1580 1523 ἐπὶ
1610 1478 1745 1537 τέρμα
1774 1480 1921 1536 βάλοι,

848 1550 936 1595 οὐδ’
969 1551 1021 1593 ἂν
1052 1550 1364 1609 δυσφροσύνας,
1397 1551 1469 1594 ὅτε
1500 1551 1553 1609 δὴ
1583 1551 1690 1603 θεὸς
1720 1551 1851 1609 ἄλγεα
1880 1551 2075 1608 πέμποι,

919 1622 1083 1682 θνητὸς
1114 1621 1218 1681 ἀνὴρ
1249 1622 1405 1680 δώροις
1433 1622 1690 1678 βουλόμενος
1718 1624 1939 1682 προφύγοι

279 1700 467 1740 extrema
495 1696 625 1739 verba
653 1696 829 1738 vulnere
859 1695 1050 1738 laborare
1079 1695 1348 1738 manifestum
1379 1699 1458 1737 est:
1490 1709 1592 1738 nam
1621 1696 1740 1738 nullo
1770 1700 1890 1752 pacto
1921 1695 2177 1751 βουλόμενος
2204 1698 2305 1740 ferri
2329 1701 2482 1754 potest:
2513 1698 2694 1741 verbum

281 1769 333 1811 de
362 1769 465 1811 vitio
496 1770 738 1824 suspectum
769 1780 859 1809 esse
890 1768 1029 1822 arguit
1057 1767 1178 1809 litera
1206 1768 1236 1821 β
1265 1768 1311 1809 in
1342 1767 1432 1809 cod.
1464 1768 1507 1808 A
1536 1780 1672 1809 erasa:
1704 1767 1912 1823 Bergkius
1943 1781 2042 1810 cum
2072 1772 2194 1811 antea
2225 1765 2423 1823 ἱλάμενος
2452 1771 2696 1826 scripsisset,

278 1842 324 1882 in
361 1843 509 1896 quarta
544 1839 773 1893 lyricorum
811 1838 994 1880 editione
1031 1835 1260 1892 οὐνάμενος
1294 1838 1524 1894 legendum
1555 1851 1645 1880 esse
1676 1839 1855 1893 censuit,
1893 1840 2008 1895 quod
2037 1854 2275 1883 munerum
2305 1854 2382 1897 ope
2411 1842 2601 1896 argutius
2629 1842 2698 1883 vir

279 1912 573 1968 sagacissimus
602 1911 907 1966 interpretatur.
962 1908 1124 1951 Videor
1159 1909 1265 1951 mihi
1293 1909 1386 1951 loco
1417 1909 1577 1951 leniore
1606 1910 1819 1952 medicina
1847 1911 1894 1952 in
1923 1912 2136 1967 integrum
2166 1913 2383 1954 restituere
2418 1924 2559 1968 posse:
2602 1925 2698 1954 rara

280 1984 394 2025 enim
422 1995 510 2024 vox
540 1979 830 2038 δυσφροσύναι
861 1980 1098 2023 Hesiodum
1133 1982 1180 2022 in
1209 1981 1456 2022 memoriam
1493 1984 1677 2035 revocat,
1715 1982 1790 2036 qui
1825 1985 2049 2038 postquam
2085 1983 2271 2038 aquilam
2306 1983 2546 2027 Promethei
2577 1984 2699 2038 jecur

281 2055 574 2110 depascentem
604 2053 656 2095 ab
687 2052 873 2095 Hercule
903 2052 1169 2094 interfectum
1200 2064 1290 2094 esse
1320 2052 1523 2106 narravit,
1554 2053 1615 2093 sic
1644 2053 1781 2108 pergit
1809 2066 1848 2094 v.
1871 2054 1953 2095 527
1975 2066 2079 2110 seq.:
2654 2049 2658 2051 ’

1277 2135 1414 2193 κακὴν
1445 2134 1483 2177 δ’
1515 2134 1608 2178 ἀπὸ
1639 2142 1790 2179 νοῦσον
1819 2134 2001 2179 ἄλαλκεν

848 2202 1143 2264 Ἰαπετιονίδῃ
1174 2204 1250 2248 καὶ
1281 2204 1461 2249 ἐλύσατο
1492 2205 1836 2265 δυσφροσυνάων.

283 2291 415 2334 Credo
436 2291 632 2347 equidem
652 2304 730 2334 nec
748 2304 900 2333 vanam
919 2303 1039 2346 spero
1058 2290 1187 2332 fidem
1213 2303 1303 2332 esse
1328 2304 1384 2333 ex
1409 2292 1490 2333 hoc
1513 2292 1606 2334 loco
1625 2291 1877 2347 Theognidis
1895 2292 2062 2334 vulneri
2086 2305 2154 2335 me
2172 2305 2293 2348 posse
2311 2291 2488 2334 mederi:
2520 2305 2696 2348 repono:

851 2371 939 2415 οὐδ’
973 2372 1025 2414 ἂν
1055 2372 1368 2430 δυσφροσύνας,
1400 2373 1472 2416 ὅτε
1502 2373 1556 2432 δὴ
1585 2373 1693 2425 θεὸς
1722 2372 1853 2430 ἄλγεα
1882 2372 2079 2428 πέμποι,

922 2444 1085 2503 θνητὸς
1116 2443 1220 2502 ἀνὴρ
1252 2444 1439 2502 δώροις
1469 2444 1713 2500 λυόμενος
1742 2444 1978 2503 προφύγοι.

283 2529 423 2572 Nullis
465 2529 716 2571 muneribus
761 2526 946 2582 (ἄποινα
984 2527 1146 2580 διδούς,
1180 2527 1336 2585 δώροις
1373 2527 1611 2583 λυόμενος),
1654 2530 1795 2584 inquit
1829 2533 1968 2585 poeta,
2005 2533 2150 2572 contra
2184 2529 2318 2571 fatum
2357 2530 2583 2585 quisquam
2625 2532 2700 2571 aut

282 2604 460 2643 mortem
489 2600 639 2643 vitabit
668 2604 742 2642 aut
772 2600 1033 2655 aegritudine
1064 2614 1256 2655 unquam
1287 2613 1331 2642 se
1361 2600 1565 2642 liberabit.

461 2671 583 2714 XIX.
646 2671 766 2714 Falso
797 2672 1009 2727 genitivus
1039 2672 1217 2714 traditus
1248 2675 1310 2714 est
1339 2686 1377 2713 v.
1401 2673 1513 2714 1290
1534 2685 1618 2727 seq.
1650 2675 1744 2727 post
1773 2673 2067 2728 νοσφισθεῖσα
2096 2673 2139 2714 in
2172 2672 2329 2714 verbis:

853 2751 1075 2812 ζωσαμένη
1107 2753 1145 2796 δ’
1177 2750 1261 2811 ἔργ’
1294 2752 1501 2796 ἀτέλεστα
1530 2752 1662 2805 τέλει,

712 2825 880 2881 πατρὸς
910 2827 1203 2882 νοσφισθεῖσα
1234 2824 1393 2880 δόμων,
1427 2823 1566 2883 ξανθὴ
1595 2821 1851 2883 Ἀταλάντης

287 2909 391 2951 solet
427 2910 539 2950 enim
575 2909 656 2951 hoc
690 2909 870 2951 verbum
907 2922 1007 2950 cum
1043 2910 1280 2951 accusativo
1324 2910 1526 2964 coniungi
1561 2921 1700 2964 neque
1743 2909 1882 2951 solum
1918 2909 2031 2965 apud
2067 2908 2304 2951 Homerum
2339 2909 2457 2950 velut
2491 2909 2535 2950 in
2574 2921 2700 2951 versu

287 2995 313 3021 τ
345 2981 429 3022 579
467 3002 512 3013 =
550 2994 583 3037 φ
618 2981 669 3021 77
705 2980 844 3034 (104);

855 3053 918 3106 τῷ
948 3066 1020 3093 κεν
1051 3051 1142 3105 ἅμα
1173 3047 1386 3110 σποίμην,
1419 3047 1805 3109 νοσφισσαμένη
1836 3050 1953 3093 τόδε
1983 3050 2126 3105 δῶμα

289 3137 330 3176 et
358 3148 384 3175 τ
417 3135 500 3176 338
521 3147 623 3189 seq.:
656 3133 828 3192 Κρήτης
857 3130 958 3191 ὄρεα
989 3132 1192 3191 νιφόεντα
1222 3132 1515 3192 Νοσφισάμην
1545 3137 1585 3176 et
1615 3132 1641 3175 δ
1672 3134 1776 3176 263;
1809 3133 1962 3177 Παῖδά
1992 3135 2030 3176 τ’
2056 3132 2160 3192 ἐμὴν
2183 3130 2528 3191 νοσφισσαμένην
2552 3131 2699 3175 θάλα-

288 3202 370 3259 μόν
405 3219 453 3247 τε
489 3203 625 3247 πόσιν
654 3220 719 3256 τε,
758 3206 832 3247 sed
870 3207 994 3248 etiam
1033 3206 1146 3261 apud
1176 3206 1280 3248 alios
1310 3209 1470 3261 poetas,
1507 3206 1625 3248 velut
1654 3206 1700 3247 in
1730 3206 1890 3259 hymno
1921 3207 1967 3248 in
1998 3205 2189 3249 Cererem
2221 3219 2258 3246 v.
2281 3207 2354 3247 92:
2387 3206 2700 3262 Νοσφισθεῖσα

290 3277 407 3317 θεῶν
444 3274 599 3333 ἀγορὴν
635 3279 676 3318 et
706 3276 818 3331 apud
848 3277 1153 3319 Archilochum
1182 3277 1231 3318 fr.
1253 3277 1327 3319 96:
1351 3272 1511 3333 εὈρκον
1541 3275 1580 3318 δ’
1612 3272 1881 3335 ἐνοσφίσθης
1908 3274 2043 3334 μέγαν
2065 3273 2200 3327 ’Ἀλας
2228 3291 2276 3318 τε
2306 3273 2381 3318 καὶ
2411 3273 2630 3333 τράπεζαν
2659 3279 2701 3318 et

292 3347 404 3402 apud
434 3348 710 3403 Apollonium
741 3347 762 3389 I
796 3348 899 3390 187:
