2762 3762
1274 219 1566 259 „10-

1352 343 1576 389 ἀθάνατον
1606 346 1765 389 κακόν
1794 344 1930 403 ἐστιν,

790 415 927 459 δεινόν
957 416 996 458 τ’
1028 413 1235 473 ἀργαλέον
1263 431 1312 459 τε
1341 414 1417 459 καὶ
1448 415 1596 475 ἄγριον
1627 415 1744 460 οὐδὲ
1772 417 2010 477 μάχηιον.

397 500 530 544 Credo
564 502 677 543 enIm
706 500 942 542 Hesiodum
973 500 1205 555 scripsisse:

780 565 954 626 ’Όρθον
982 567 1062 624 μὲν
1091 575 1269 627 πρῶτον
1298 569 1404 612 κύνα
1434 567 1602 627 γείνατο
1633 574 1863 630 Γηρυονῆι·

785 639 980 698 δεύτερον
1008 636 1134 691 αὖτις
1164 636 1297 683 ἔτικτ’
1329 639 1522 695 ἄμαχον
1551 641 1727 694 κακόν,
1760 640 1809 684 ο·’ύ
1837 657 1882 684 τι
1913 641 2110 700 φατειόν,

779 709 995 769 Κέρβερον
1025 710 1245 770 ὠμηστήν,
1275 708 1430 755 Ἀίδεω
1460 712 1566 755 κύνα
1593 712 1909 771 χαλκεόφωνον,

781 780 1259 841 πεντηκοντακέφαλον,
1292 780 1472 825 ἀναιδέα
1502 799 1550 826 τε
1580 783 1785 842 κρατερόν
1814 799 1873 826 τε.

393 902 638 957 Corruptela
668 915 796 958 quam
824 902 945 944 facile
975 914 1031 944 ex
1059 859 1483 944 ΛΜΑὲΙὲΑΚΟΝ
1509 904 1610 945 oriri
1637 905 1837 959 potuerit,
1867 904 1943 945 vix
1973 906 2036 946 est
2068 904 2181 959 quod
2210 917 2418 947 moneam.
2469 903 2630 947 Confir-

215 975 324 1015 mari
356 977 497 1016 autem
529 974 856 1015 existimaverim
886 984 1026 1015 meam
1056 976 1337 1015 correcturam
1366 974 1604 1016 testimonio
1636 973 1865 1030 Sophocleo
1896 974 2039 1016 Trach.
2062 975 2194 1017 1098:
2218 986 2219 989 ’

770 1040 926 1086 (Ἀιδου
957 1040 1182 1100 τρίκρανον
1213 1042 1390 1086 σκύλακ’
1422 1042 1759 1101 ἀπρόσμαχον
1788 1042 1931 1101 τέρας,

210 1115 286 1157 ubi
316 1128 403 1157 non
433 1115 539 1157 facio
566 1128 664 1157 cum
683 1115 894 1170 Nauckio,
926 1116 999 1171 qui
1022 1116 1104 1157 hoc
1123 1127 1292 1171 quoque
1322 1115 1420 1158 locov
1459 1111 1587 1169 οἶμαί
1591 1131 1622 1170 μ
1632 1131 1755 1158 ακον
1789 1116 2095 1159 restituendum
2126 1129 2215 1159 esse
2245 1119 2404 1173 statuit,
2435 1119 2627 1173 quamvis

210 1199 298 1228 non
327 1187 520 1242 ignorem
550 1199 665 1228 nunc
697 1187 950 1228 adiectivum
979 1186 1086 1228 illud
1117 1190 1214 1228 ante
1242 1186 1556 1229 Alexandrinos
1587 1187 1863 1230 demonstrari
1892 1201 1979 1230 non
2008 1200 2140 1243 posse.

388 1256 534 1299 XXII.
599 1257 706 1300 Cum
738 1259 837 1299 satis
868 1260 1028 1299 constet
1057 1257 1230 1299 brevem
1260 1270 1350 1300 esse
1379 1258 1564 1300 radicem
1593 1258 1712 1300 verbi
1743 1256 1879 1317 ἄῈημι
1912 1259 2023 1314 apud
2051 1258 2249 1314 Graecos,
2278 1259 2456 1301 formam
2488 1257 2627 1317 ἀκραῆ

210 1330 240 1382 β
259 1330 343 1371 421
377 1329 595 1371 ferendam
625 1341 715 1371 esse
745 1341 873 1383 nego:
918 1328 1221 1370 restituendam
1251 1329 1504 1371 solutionem
1535 1326 1698 1385 ἄκρᾶέα
1727 1331 1819 1372 iure
1849 1330 2063 1372 contendit
2093 1331 2218 1372 etiam
2247 1330 2286 1372 J.
2304 1344 2387 1372 van
2417 1329 2626 1373 Leeuwen

207 1401 254 1441 in
286 1399 431 1442 Cobeti
461 1400 738 1454 Mnemosyne
768 1399 819 1442 N.
840 1398 880 1442 S.
906 1398 1015 1441 XIV
1044 1414 1083 1455 p.
1101 1400 1186 1442 363
1219 1399 1567 1455 confirmavitque
1598 1402 1898 1443 correctionem
1926 1414 2053 1443 versu
2084 1400 2270 1457 Operum
2302 1402 2405 1443 594:

780 1467 926 1512 ἀντίον
957 1467 1175 1528 ἆκρᾶέος
1205 1468 1385 1528 ζεφύρου
1415 1469 1639 1532 τρέψαντα
1668 1470 1922 1529 πρόσωπον.

206 1541 325 1584 Cavit
355 1543 468 1584 enim
497 1542 569 1584 ille
598 1555 653 1584 ne
685 1539 864 1598 ἆκρᾰεῢς
892 1546 1039 1598 poetae
1071 1541 1322 1584 obtruderet.
1372 1542 1493 1585 Idem
1525 1544 1601 1584 etsi
1633 1543 1867 1586 observavit
1892 1544 2004 1599 apud
2029 1543 2264 1586 Hesiodum
2285 1542 2359 1599 Op.
2381 1545 2466 1586 599
2490 1544 2626 1599 adjec-

204 1614 342 1655 tivum
373 1611 487 1654 εὗᾶεῖ
517 1614 688 1669 longam
718 1613 925 1667 syllabam
953 1615 999 1655 in
1031 1613 1213 1655 editione
1242 1612 1433 1668 Rzachii,
1464 1617 1512 1655 ut
1543 1615 1708 1669 opinor,
1743 1614 1960 1670 praebere,
1995 1615 2074 1656 hac
2109 1628 2173 1669 re,
2211 1628 2339 1670 quam
2375 1627 2452 1670 ego
2482 1615 2653 1673 mirorf.

209 1687 350 1726 tamen
388 1688 623 1726 commotus
659 1698 748 1726 non
785 1688 847 1726 est
881 1687 930 1727 ut
965 1688 1038 1726 aut
1066 1684 1303 1726 remedium
1335 1689 1553 1740 quaereret
1583 1689 1655 1727 aut
1686 1685 2025 1741 explicationem:
2070 1687 2169 1728 satis
2198 1685 2324 1728 habet
2354 1685 2625 1728 offensionem

203 1757 424 1798 notavisse.
488 1754 599 1805 Quid
637 1756 751 1811 quod
783 1756 930 1798 doctus
960 1756 1126 1798 iuvenis
1155 1756 1299 1797 locum
1327 1755 1605 1798 Homericum
1634 1771 1666 1810 μ
1695 1757 1798 1798 313;
1831 1749 1984 1813 Ὧρσεν
2014 1752 2092 1798 ἔπι
2125 1753 2225 1814 ζᾶῆν
2255 1754 2409 1810 ἄνεμον
2437 1760 2549 1799 recte
2579 1769 2624 1799 se

203 1827 357 1869 habere
388 1828 615 1869 existimat:
647 1840 748 1869 nam
777 1830 923 1869 utrum
951 1827 1134 1882 Theogn.
1155 1828 1240 1869 253
1272 1825 1442 1877 Πνοιάς
1464 1841 1512 1869 τε
1538 1824 1673 1878 ζᾶέων
1697 1824 1863 1881 ἀνέμων
1893 1841 1944 1869 an
1979 1825 2112 1879 ζᾱέων
2137 1827 2496 1883 pronuntiandum
2527 1840 2625 1870 cen-

204 1905 308 1956 seat,
339 1902 552 1957 ambigere
582 1902 688 1943 licet.
753 1902 812 1943 At
847 1915 915 1944 res
944 1902 1112 1944 videtur
1143 1901 1328 1944 dilucida
1359 1915 1467 1944 esse:
1511 1903 1761 1958 praepositio
1793 1899 1844 1953 ζᾶ
1869 1915 1945 1958 per
1980 1886 2151 1957 sesspsa
2179 1902 2319 1944 brevis
2350 1905 2430 1944 est:
2474 1904 2625 1957 aequat

205 1974 318 2015 enim
348 1975 443 2015 voci
472 1973 638 2028 vulgari
668 1970 761 2015 διάε
795 1976 1047 2029 quapropter
1075 1986 1163 2015 non
1195 1972 1341 2015 dubito
1369 1975 1472 2028 quin
1495 1974 1621 2015 unice
1645 1986 1745 2015 vera
1770 1974 1822 2015 sit
1840 1974 1952 2029 apud
1968 1973 2204 2015 Hesiodum
2222 1973 2403 2015 Parisini
2421 1973 2625 2028 scriptura

769 2043 894 2101 χώρῳ
926 2042 970 2086 ἐν
1000 2041 1140 2086 εὖᾶέῐ
1171 2041 1247 2086 καὶ
1278 2039 1516 2101 ἐυτροχάλῳ
1548 2041 1593 2085 ἐν
1623 2041 1758 2101 ἀλωῇ,
2649 2045 2653 2047 ’

204 2128 346 2171 neque
376 2128 521 2158 moror
550 2116 707 2158 vocalis
739 2131 756 2157 ι
786 2116 1112 2171 longitudinem:
1151 2128 1278 2158 nemo
1310 2116 1426 2157 enim
1455 2128 1571 2157 nunc
1601 2117 1736 2158 nescit
1765 2129 1814 2158 ea
1846 2128 1952 2171 quae
1983 2117 2138 2171 optime
2166 2114 2381 2157 Hartelius
2412 2114 2463 2156 de
2495 2114 2624 2156 dativi

203 2189 250 2229 in
281 2203 299 2229 ι
330 2188 592 2230 terminantis
622 2190 773 2229 natura
804 2187 1047 2243 disputavit,
1081 2200 1187 2242 quae
1217 2187 1371 2240 littera,
1409 2199 1562 2242 anceps
1592 2199 1668 2242 per
1697 2200 1760 2241 se,
1799 2187 1909 2242 apud
1939 2186 2176 2228 Homerum
2206 2198 2344 2228 arseos
2374 2186 2418 2227 vi
2446 2185 2624 2241 produci

202 2262 348 2314 potest.
409 2258 554 2314 Longe
591 2262 732 2300 autem
769 2258 851 2300 alia
887 2262 1011 2313 atque
1051 2258 1246 2300 adjectivi
1284 2255 1409 2315 εὐᾶὴς
1445 2259 1550 2300 ratio
1589 2262 1651 2300 est
1686 2258 1881 2300 vocabuli
1913 2255 2031 2315 ζαής,
2065 2257 2179 2313 quod
2209 2270 2232 2299 e
2262 2254 2447 2314 ζα-αέής
2474 2260 2623 2298 natum

204 2343 295 2372 esse
326 2333 507 2386 apparet.
568 2329 717 2385 Itaque
746 2330 1005 2384 paenultima
1034 2329 1174 2372 brevis
1206 2342 1298 2372 esse
1330 2330 1448 2371 nullo
1479 2332 1600 2384 pacto
1630 2332 1783 2385 potest,
1814 2329 1930 2371 unde
1962 2330 2143 2383 synizesi
2174 2341 2277 2383 opus
2308 2340 2398 2370 esse
2421 2327 2494 2370 Th.
2515 2329 2627 2369 253:
2703 2361 2716 2374 .

772 2398 933 2450 πνοιάς
962 2415 1009 2442 τε
1040 2398 1174 2451 ζᾶέων
1205 2398 1373 2454 ἀνέμων

201 2500 317 2529 nunc
346 2488 618 2543 perspicuum
648 2491 719 2529 est.
774 2486 984 2542 Exempla
1014 2487 1065 2528 ab
1096 2486 1279 2529 Rzachio
1311 2486 1431 2529 Neue
1461 2486 1587 2528 Beitr.
1619 2500 1657 2541 p.
1681 2487 1735 2527 28
1767 2486 1876 2527 hanc
1908 2485 1960 2527 ob
1995 2498 2164 2527 causam
2194 2484 2334 2538 allata,
2363 2487 2412 2526 ut
2441 2483 2621 2526 litteram

203 2573 232 2600 α
261 2559 415 2600 horum
446 2558 748 2600 adjectivorum
778 2571 990 2613 nusquam
1019 2571 1108 2600 non
1138 2558 1310 2613 longam
1347 2571 1437 2600 esse
1469 2557 1772 2610 ostenderetur,
1808 2557 1888 2598 hoc
1923 2570 2060 2598 unum
2097 2556 2247 2598 docent
2281 2556 2327 2596 in
2358 2556 2417 2597 eis
2446 2567 2532 2597 non
2562 2555 2622 2596 ita

204 2631 423 2672 evanuisse
458 2630 639 2685 priscam
675 2630 827 2671 radicis
859 2627 921 2670 df
947 2631 1039 2684 (ἆυ)
1076 2633 1289 2684 naturam,
1327 2633 1376 2671 ut
1412 2630 1456 2670 vi
1492 2641 1631 2670 arseos
1668 2631 1843 2683 urgente
1879 2627 2097 2683 longitudo
2135 2628 2313 2669 emicare
2349 2639 2435 2668 non
2470 2629 2619 2682 posset.

203 2700 319 2743 Sunt
347 2702 460 2743 enim
498 2701 692 2756 exempla
720 2699 936 2758 Ζεφύροιο
974 2698 1151 2751 δυσᾶέος
1181 2707 1221 2756 ψ
1246 2701 1351 2755 200,
1393 2715 1426 2753 μ
1447 2701 1550 2753 289,
1592 2696 1787 2755 Ζέφυρός
1823 2713 1870 2740 τε
1907 2697 2069 2755 δυσαής
2099 2711 2119 2739 ε
2139 2698 2242 2751 295,
2286 2695 2482 2754 δυσαήων
2509 2693 2621 2752 μέγα

201 2778 317 2826 κῦμα
348 2787 370 2813 ν
391 2774 463 2814 99;
497 2772 700 2814 adjectiva
730 2769 893 2829 ἀκραὴς
923 2776 965 2814 et
993 2771 1185 2829 ὑπεραὴς
1208 2785 1296 2813 non
1319 2772 1489 2827 respicit
1506 2770 1724 2812 Rzachius.
1771 2768 1882 2819 Quid
1901 2769 2060 2811 multa?
2099 2768 2218 2810 Cadit
2235 2769 2281 2810 in
2298 2769 2407 2809 hanc
2430 2767 2619 2809 vocalem

201 2844 323 2899 plane
355 2843 501 2885 eadem
530 2844 634 2884 ratio
668 2857 796 2898 quam
821 2843 951 2885 dativi
973 2845 1019 2885 in
1046 2859 1063 2884 ι
1089 2844 1281 2885 exeuntis
1306 2855 1396 2884 esse
1416 2842 1579 2884 dudum
1597 2841 1812 2883 Hartelius
1832 2841 2146 2883 demonstravit:
2179 2839 2301 2881 radix
2325 2841 2400 2890 af,
2421 2838 2618 2893 ambigua

201 2928 276 2970 per
306 2927 368 2968 se,
392 2915 436 2955 vi
461 2927 599 2956 arseos
625 2915 847 2956 accedente
872 2914 1133 2970 producitur,
1163 2916 1210 2956 in
1234 2914 1342 2956 thesi
1367 2914 1606 2968 corripitur:
1639 2925 1775 2954 unum
1802 2912 1915 2967 quod
1939 2911 2105 2953 videtur
2123 2922 2356 2966 repugnare
2374 2909 2618 2964 exemplum

200 3002 233 3039 μ
266 2987 370 3028 313;
398 2978 550 3040 Ὦρσεν
580 2981 659 3026 ἔπι
691 2983 791 3042 ζᾶῆν
821 2983 987 3039 ἄνεμον,
1020 2986 1201 3027 duarum
1230 2985 1441 3027 vocalium
1472 2984 1753 3026 contractione
1785 2982 2082 3038 explicandum
2113 2986 2184 3024 est.

379 3055 546 3097 XXIII.
615 3056 722 3098 Utor
765 3057 860 3098 data
897 3058 1113 3099 occasione
1149 3056 1203 3099 ad
1240 3055 1576 3098 emendationem
1613 3067 1738 3109 quam
1776 3067 1887 3096 anno
1927 3054 2037 3096 1881
2077 3052 2233 3109 protuli
2269 3063 2382 3093 nunc
2421 3050 2615 3106 exemplo

201 3129 324 3184 plane
356 3126 696 3170 confirmandam.
758 3127 861 3170 Dixi
890 3129 937 3170 in
967 3127 1185 3183 Philologo
1216 3130 1243 3169 t.
1269 3126 1372 3168 XLI
1400 3140 1438 3182 p.
1461 3127 1486 3168 3
1520 3125 1595 3181 Op.
1618 3125 1701 3167 140
1734 3138 1866 3180 seqq.:

771 3196 904 3255 αὐτὰρ
937 3196 1036 3240 ἐπεὶ
1067 3196 1142 3240 καὶ
1172 3203 1299 3240 τοῦτο
1329 3195 1448 3253 γένος
1478 3195 1590 3238 κατὰ
1620 3196 1723 3252 γαῖα
1752 3193 1942 3251 κάλυψε,

770 3268 838 3312 τοὶ
868 3268 947 3324 μὲν
977 3267 1238 3322 ὑποχθόνιοι
1268 3267 1461 3324 μάκαρες
1490 3264 1648 3325 θνητοὶ
1678 3263 1923 3319 καλέονται,

771 3340 978 3398 δεύτεροι,
1012 3338 1104 3382 ἀλλ’
1136 3336 1281 3398 ἔμπης
1310 3339 1415 3397 τιμὴ
1445 3336 1521 3381 καὶ
1551 3339 1691 3380 τοῖσιν
1721 3335 1879 3395 ὀπηδεῖ
