2762 3762
1266 194 1561 234 -12—

778 320 921 376 βούλει
953 321 1105 363 πεσεῖν
1133 320 1248 377 πρὸς
1279 316 1408 371 οὖδας
1438 316 1626 363 ἑλκῶσαί
1655 336 1703 364 τε
1733 322 1810 365 σόν

779 390 990 449 γέροντα
1018 396 1186 448 χρῶτα
1216 390 1330 448 πρὸς
1358 387 1459 446 βίαν
1490 389 1719 450 ὠθουμένη

778 458 1071 520 ἀσχημονῆσαί
1101 462 1139 503 τ’
1171 459 1221 503 ἐκ
1251 459 1346 504 νέου
1374 458 1597 519 βραχίονος

779 532 1034 584 σπασθεῖσ’,
1067 529 1096 574 ἃ
1125 528 1274 575 πείσει
1282 551 1295 585 ;
1324 531 1385 591 μή
1416 532 1470 574 σύ
1498 534 1556 589 γ’·
1588 532 1638 576 οὐ
1668 533 1748 590 γὰρ
1780 531 1912 585 ἄξιον.

386 981 509 1023 Iuvat
538 981 618 1023 hoc
648 981 741 1022 loco
775 981 965 1023 subicere
996 981 1291 1023 adnotamenta
1322 982 1529 1037 quaedam
1558 982 1811 1038 Bergkiana‚
1845 995 1951 1038 quae
1980 984 2047 1025 vir
2079 983 2131 1025 de
2160 984 2290 1027 literis
2319 986 2472 1027 nostris
2496 986 2621 1028 meri-

208 1054 395 1094 tissimus
418 1053 546 1094 variis
569 1052 845 1107 temporibus,
878 1052 1032 1107 quibus
1051 1052 1265 1094 Plutarchi
1289 1052 1496 1095 Periclem
1520 1055 1727 1108 tractavit,
1756 1055 1938 1109 margini
1962 1054 2188 1110 adscripsit.
2236 1054 2453 1098 Nonnulla
2477 1069 2532 1098 ex
2554 1056 2620 1098 his

207 1126 292 1165 iam
329 1136 439 1165 anno
480 1123 591 1165 1867
633 1136 732 1165 011111
766 1122 870 1165 Rob.
903 1123 1094 1178 Ungero,
1132 1127 1362 1166 conventus
1398 1124 1709 1179 philologorum
1738 1124 1936 1167 Halensis
1966 1126 2098 1176 soci0,
2129 1127 2461 1169 communicasse
2490 1126 2620 1183 Berg-

207 1196 327 1236 kium
359 1194 549 1236 consulto
582 1207 877 1237 commemoro,
927 1193 1248 1249 Occupaverunt
1278 1196 1392 1236 enim
1421 1195 1536 1236 haud
1559 1208 1694 1250 pauca
1718 1196 1805 1247 alii,
1836 1197 1946 1238 inter
1972 1209 2078 1251 quos
2102 1196 2274 1239 honoris
2299 1210 2425 1239 causa
2448 1199 2622 1240 nomino

210 1265 430 1319 Cobetum,
475 1267 549 1320 qui
586 1278 693 1320 quae
728 1266 774 1306 111
803 1265 939 1319 primo
970 1268 1084 1306 tomo
1116 1265 1418 1319 Mnemosynae
1453 1265 1504 1307 N.
1531 1265 1571 1308 S.
1602 1266 1849 1321 publicavit,
1892 1280 2039 1309 eorum
2069 1267 2278 1322 Bergkius
2309 1269 2433 1310 etiam
2466 1268 2624 1311 viderat

206 1337 405 1392 plurima:
463 1339 644 1378 attamen
673 1336 795 1391 plura
823 1336 895 1378 1110
926 1336 1090 1378 silentio
1121 1338 1348 1391 praeteriit,
1382 1338 1579 1392 quocirca
1609 1341 1719 1380 recte
1749 1351 1817 1380 me
1847 1338 2058 1380 facturum
2096 1351 2186 1380 esse
2223 1339 2477 1394 existimavi,
2507 1340 2545 1382 si
2575 1351 2624 1382 ea.

208 1421 316 1463 quae
336 1407 542 1463 Bergkius
573 1410 668 1449 ante
699 1420 797 1449 eum
827 1406 994 1449 videtur
1023 1408 1312 1463 investigasse,
1343 1409 1507 1463 integra
1535 1408 1777 1450 mandanda
1805 1410 1918 1464 typis
1949 1421 2150 1451 curarem.

385 1490 616 1532 Adnotavit
645 1491 776 1545 igitur
805 1491 871 1531 vir
902 1490 1167 1532 doctissimus

209 1575 294 1616 cap.
313 1563 334 1602 1
371 1566 506 1602 κυνῶν
535 1558 664 1602 τέκνα
695 1575 748 1602 τε
778 1558 854 1602 καὶ
884 1560 1095 1618 πιθήκων
1126 1556 1308 1617 ἔκγονα
1339 1561 1610 1603 scribendum
1641 1575 1746 1604 esse:
1779 1575 1918 1618 neque
1944 1575 1992 1605 ea
2018 1576 2125 1617 quae
2149 1566 2384 1618 sequuntur
2408 1576 2510 1606 sana
2533 1556 2623 1606 esse

205 1633 417 1674 iudicavit.
479 1632 534 1674 Et
569 1636 680 1674 recte
719 1632 892 1687 quidem
928 1632 1017 1674 ille:
1061 1646 1214 1687 parum
1253 1634 1366 1674 enim
1404 1636 1497 1688 apte
1528 1632 1797 1688 Plutarchus,
1833 1636 2056 1689 postquam
2088 1633 2306 1675 Caesarem
2343 1647 2398 1676 ex
2434 1634 2518 1676 illis
2549 1636 2623 1690 qui

207 1704 417 1746 caniculas
459 1717 506 1745 ac
543 1704 685 1745 simias
716 1716 860 1745 secum
889 1703 1078 1745 ferebant
1109 1705 1365 1759 quaesivisse
1395 1705 1597 1759 narravit,
1628 1717 1733 1746 num
1762 1717 1915 1760 pueros
1947 1705 2058 1760 apud
2089 1717 2161 1747 eos
2191 1717 2278 1746 non
2307 1709 2501 1760 parerent
2529 1719 2623 1747 mu—

205 1776 344 1829 lieres,
389 1775 526 1816 dicere
568 1778 758 1830 pergeret
801 1774 1118 1831 ἡγεμονικῶς
1161 1773 1332 1831 σφόδρα
1376 1776 1637 1832 νουθετῆσαι
1681 1774 1898 1818 Gaesarem
1934 1776 2018 1817 illis
2054 1775 2216 1817 verbis:
2261 1775 2416 1821 arridet
2451 1775 2624 1832 Bergkii

208 1842 426 1901 γελοίως.
489 1845 541 1887 Ι11
572 1845 722 1888 eodem
754 1846 887 1901 capite
916 1845 1031 1888 idem
1061 1849 1155 1904 post
1184 1844 1255 1887 ἵνα
1285 1845 1346 1903 μὴ
1377 1847 1524 1903 θεωρῇ
1553 1844 1684 1899 μόνον
1713 1847 1889 1888 inseruit
1920 1846 1943 1888 ὁ
1974 1851 2105 1900 νοῦς,
2139 1846 2291 1888 (10111ᾱο
2322 1850 2461 1889 autem
2490 1850 2623 1889 trans-

208 1918 354 1973 positis
384 1917 525 1959 verbis
555 1917 648 1966 τοῖς
680 1912 962 1974 ἱστορήμασιν
992 1918 1172 1972 scripsit:
1206 1922 1342 1958 ταῦτα
1373 1913 1435 1958 δὲῑ
1452 1915 1568 1959 ἐστὶν
1599 1915 1643 1958 ἐν
1673 1918 1766 1967 τοῖς
1797 1912 2142 1975 ἱστορήμασιν
2171 1922 2269 1958 τῶν
2299 1915 2450 1975 ἀρετῆς
2480 1913 2621 1974 ἔργων,

209 1985 238 2029 ἃ
269 1986 344 2030 καὶ
380 1986 503 2045 ζῆλόν
533 2002 631 2029 τινα
661 1986 737 2029 καὶ
767 1984 1025 2044 προθυμίαν
1056 1985 1220 2044 ἀρωγὸν
1251 1984 1313 2038 εἰς
1342 1984 1526 2046 μίμησιν
1557 1986 1758 2042 ἐμποιεῖ·
1788 1986 1879 2030 ἐπὶ
1908 1993 2000 2029 τῶν
2030 1987 2122 2045 γὰρ
2153 1986 2293 2029 ἄλλων
2323 1988 2414 2030 κτλ.
2647 2045 2653 2047 Α

385 2059 519 2101 Uncis
557 2060 726 2114 saepsit,
765 2072 797 2100 0.
821 2060 864 2110 1,
895 2060 922 2101 1.
944 2061 999 2101 28
1038 2059 1232 2101 editionis
1262 2058 1575 2102 'Sintenisianae
1610 2059 1789 2102 verbum
1827 2059 2135 2102 substantivum
2171 2060 2217 2101 in
2252 2059 2345 2101 1000
2383 2058 2625 2110 σπουδαῖός

208 2129 392 2186 [ἐστιν]
426 2128 610 2188 αὐλητὴς
638 2125 865 2187 Ἰσμηνίας.

385 2201 479 2257 Gap.
503 2203 547 2255 2,
578 2202 604 2244 l.
626 2203 680 2243 23
715 2201 864 2243 dativis
894 2200 1114 2259 πρᾳότητι
1146 2198 1222 2243 καὶ
1253 2200 1505 2259 δικαιοσύνῃ
1529 2202 1738 2258 Bergkius
1762 2202 1958 2257 praetulit
1976 2200 2051 2243 διὰ
2069 2199 2300 2259 πρᾳότητα
2319 2200 2410 2243 κτλ.
2459 2200 2623 2244 Deinde

207 2274 448 2315 dubitanter
481 2276 522 2314 et
551 2273 779 2327 respiciens
811 2271 978 2314 Solonis
1008 2274 1139 2314 vitam
1170 2274 1274 2314 0.15
1308 2274 1473 2328 scripsit

385 2357 470 2399 cap.
505 2345 548 2398 3,
590 2344 616 2385 l.
651 2344 675 2384 6
720 2341 808 2385 καὶ
845 2340 1057 2399 γεναίως
1095 2346 1170 2398 (an
1206 2340 1440 2398 βεβαίωςΡ)
1479 2342 1634 2398 νόμους
1670 2339 1799 2386 ἔθετο
1837 2347 1878 2385 et
1912 2348 2008 2399 post
2042 2343 2171 2386 verba
2205 2341 2412 2401 προμήκη
2456 2340 2504 2384 δὲ
2545 2342 2622 2401 τὴν

206 2414 396 2472 κεφαλὴν
427 2412 502 2456 καὶ
534 2412 804 2471 ἀσύμμετρον
832 2416 1099 2470 participium
1131 2411 1308 2467 ἔχοντα
1338 2416 1610 2458 inserendum
1643 2416 1815 2457 censuit.
1865 2415 1936 2456 Ad
1966 2415 2108 2457 locum
2137 2415 2163 2456 1.
2186 2415 2260 2456 12:
2293 2409 2334 2456 οἱ
2366 2412 2404 2469 δ’
2428 2410 2621 2456 Ἀττικοὶ

206 2484 393 2544 ποιηταὶ
436 2483 744 2542 σχινοκέφαλον
781 2483 910 2527 αὐτὸν
946 2483 1144 2528 ἐκάλουν·
1182 2486 1258 2543 τὴν
1297 2485 1377 2542 γὰρ
1414 2483 1593 2528 σκίλλαν
1629 2482 1747 2527 ἔστιν
1784 2485 1855 2527 ὅτε
1893 2483 1968 2527 καὶ
2006 2487 2146 2538 σχῖνον
2182 2482 2437 2539 ὀνομάζουσι
2467 2486 2621 2528 rectius

208 2557 554 2599 conformandum
591 2557 807 2612 complura
841 2558 908 2598 vir
944 2557 1211 2599 doctissimus
1248 2559 1438 2600 tentavit:
1485 2571 1533 2599 ac
1569 2559 1755 2613 primum
1791 2554 1958 2598 ἀστεῖοι
1996 2557 2213 2612 adscripsit
2243 2570 2330 2598 non
2360 2558 2451 2599 sine
2481 2557 2622 2612 aliqua

208 2629 484 2679 dubitatione,
523 2628 674 2670 deinde
711 2629 905 2670 coniecit:
952 2624 993 2670 οἳ
1031 2625 1079 2669 δὲ
1116 2626 1303 2686 ποιηταὶ
1340 2626 1650 2685 σχινοκέφαλον
1686 2625 1815 2669 αὐτὸν
1853 2625 2047 2670 ἐκάλουν·
2080 2627 2155 2685 τὴν
2185 2627 2264 2684 γὰρ
2296 2623 2474 2669 σκίλλαν
2504 2623 2621 2669 ἐστιν

207 2698 278 2741 ὅτε
321 2697 397 2740 καὶ
440 2700 580 2752 σχῖνον
623 2694 670 2740 οἱ
706 2694 935 2740 Ἀττικοὶ
978 2697 1252 2753 ὀνομάζουσι,
1297 2701 1467 2742 tertium
1509 2701 1623 2742 iecit:
1669 2694 1711 2741 οἱ
1756 2697 1794 2740 δ’
1831 2695 2059 2741 Ἀττικοὶ
2097 2697 2325 2757 [ποιηταὶ]
2364 2697 2455 2740 κτλ.
2522 2698 2621 2741 Non

208 2771 438 2812 omittenda
473 2772 519 2812 in
549 2770 698 2812 eodem
733 2771 866 2826 capite
896 2772 1161 2826 transpositio
1194 2771 1382 2814 adverbii
1411 2769 1541 2825 μόνον
1570 2771 1596 2812 1.
1622 2772 1694 2812 19:
1746 2766 2030 2829 Τηλεκλείδης
2060 2766 2108 2811 δὲ
2138 2767 2268 2811 ποτὲ
2296 2767 2387 2823 μὲν
2417 2768 2506 2811 ὑπὸ
2535 2773 2621 2810 τῶν

207 2840 474 2898 πραγμάτιον
504 2838 788 2899 ἠπορημένων
818 2838 1053 2898 καθῆσθαί
1083 2854 1217 2900 φησιν
1248 2839 1377 2883 αὐτὸν
1408 2839 1452 2883 ἐν
1481 2843 1534 2899 τῇ
1558 2839 1690 2883 πόλει
1721 2838 2273 2899 καρηβαροῦντα,,ποτὲ
2303 2837 2351 2882 δὲ
2379 2838 2534 2894 μόνον
2564 2837 2620 2881 ἐκ

207 2911 432 2970 κεφαλῆς
468 2908 830 2954 ἑνδεκακλίνου
867 2911 1093 2969 θόρυβον
1130 2912 1292 2955 πολὺν
1323 2910 1699 2964 ἐξανατέλλεινε
1733 2917 1827 2968 post
1857 2902 2182 2971 καρηβαροῦντα
2213 2913 2327 2955 0111111
2357 2912 2448 2953 eius
2477 2911 2619 2953 locum

207 2997 298 3027 esse
329 2984 569 3038 arbitratur,
601 2983 869 3026 eximendam
898 2985 1093 3026 voculam
1123 2987 1218 3040 post
1247 2981 1360 3026 ποτὲ
1390 2981 1450 3026 δέ.

388 3066 482 3121 Cap.
504 3068 531 3107 4
562 3067 608 3108 in
638 3066 826 3108 Platonis
856 3079 983 3108 versu

850 3149 908 3200 ὥς
938 3162 1090 3207 φασιν,
1125 3149 1148 3191 ὁ
1183 3145 1350 3206 Χείρων
1381 3147 1625 3207 ἐξέθρεψας
1654 3146 1873 3205 Περικλέα

209 3232 415 3288 Bergkius
445 3244 533 3274 non
564 3233 802 3284 articulum,
835 3232 908 3275 sed
939 3233 1111 3274 alteram
1142 3232 1260 3274 verbi
1291 3229 1425 3289 φασὶν
1456 3232 1662 3286 syllabam
1692 3232 1800 3274 tollit
1830 3232 2050 3275 scribendo

849 3314 908 3364 ὣς
938 3316 1054 3371 φασ’
1087 3313 1110 3356 ὁ
1141 3310 1311 3371 Χείρων
1342 3312 1586 3373 ἐξέθρεψας
1615 3311 1852 3371 Περικλέα,
