2762 3762
1341 215 1604 254 -6-

258 345 507 401 particulam
538 343 597 394 ὡς
626 343 810 386 defendit
840 358 865 385 a
893 343 1218 398 reprehensione
1251 342 1414 396 Cobeti,
1452 344 1527 398 qui
1557 356 1656 385 cum
1685 343 1861 387 barbare
1891 346 1951 386 sic
1982 345 2066 386 dici
2095 348 2275 400 putaret,
2301 351 2422 397 πῶς
2457 345 2516 388 ἂν
2551 348 2677 390 scribi

258 417 388 458 iussit
449 415 599 470 Neque
641 417 783 457 tamen
826 414 963 456 eidem
1004 413 1207 468 Bergkio,
1252 413 1364 469 quod
1402 413 1456 471 δὴ
1492 428 1517 455 a
1552 415 1823 469 grammatico
1860 416 2063 471 quodam·
2082 416 2136 458 ad
2171 416 2367 460 lacunam·
2402 418 2678 474 supplendam

260 486 450 528 additum
480 498 570 527 esse
600 485 823 527 arbitratus
854 483 912 534 ὡς
940 489 1047 525 πᾶν
1078 484 1307 540 legendum
1338 486 1517 538 censuit,
1549 485 1879 527 assentiendum.
1893 490 2015 542 puto,
2053 488 2253 542 quoniam
2282 492 2392 530 recte
2422 489 2505 531 dici
2535 488 2595 539 ὡς
2623 488 2677 547 δὴ

258 570 346 598 non
382 556 520 598 solum
557 569 612 598 ex
647 555 859 598 locutione
897 553 956 605 ὡς
992 553 1045 612 δὴ
1082 551 1238 611 ὄφελον
1269 557 1318 609 (α
1350 556 1454 606 217,
1492 554 1518 596 λ
1549 558 1653 610 548,
1697 570 1718 597 ε
1749 557 1856 610 308)
1893 559 1993 599 satis
2030 562 2215 614 apparet,
2258 571 2408 601 verum
2450 561 2576 602 etiam
2618 558 2678 610 ὡς

259 626 311 684 δὴ
354 640 451 669 cum
495 628 676 682 optativo
720 627 933 681 coniungi⁴
962 638 1017 667 ex
1057 625 1151 667 loco
1194 629 1307 681 patet
1347 625 1491 668 Iliadis
1534 628 1584 667 X
1606 627 1709 669 286:
1755 625 1814 676 ὡς
1857 625 1909 684 δή
1949 643 2026 681 μιν
2062 625 2218 684 (ἔγχος)
2257 630 2322 684 σῷ
2358 627 2419 671 ε’νὶ
2453 629 2552 687 χροῒ
2583 636 2678 672 πᾶν

258 693 476 751 κομίσαιο.
2378 743 2383 746 .

436 768 557 810 XIII.
621 766 830 817 Quoniam
859 780 985 809 nemo
1018 767 1186 822 quando
1219 767 1331 809 diem
1363 780 1614 822 supremum
1645 768 1836 810 obiturus
1867 769 1921 810 sit
1951 773 2064 811 certo
2096 772 2216 825 sciat,
2252 784 2376 827 parce
2407 775 2456 813 ut
2485 772 2676 815 homines

259 839 409 895 opibus
446 842 618 881 utantur
654 841 798 880 monet
831 851 870 879 v.
893 839 976 880 903
997 851 1112 894 seqq.
1143 842 1282 894 poeta:
1320 851 1460 893 neque
1491 840 1606 894 enim
1636 852 1783 882 eorum
1811 840 1922 881 vitae
1952 841 2160 883 rationem
2189 842 2334 884 laudat
2365 843 2451 897 qui,
2484 845 2676 898 quamvis

258 910 405 952 divites
442 911 543 963 sint,
585 912 725 951 tamen
762 912 848 950 tam
891 909 1058 951 sordide
1089 922 1134 950 se
1165 909 1294 962 alant,
1334 912 1379 950 ut
1410 922 1508 951 cum
1538 923 1614 951 suo
1646 911 1786 964 animo
1818 910 1923 951 nihil
1955 910 2164 966 dederint,
2203 913 2411 968 quidquid
2441 915 2677 970 pepererint

257 981 514 1035 divitiarum,
544 979 769 1022 heredibus
799 979 1056 1035 relinquant,
1087 992 1226 1035 neque
1257 993 1404 1022 eorum
1436 981 1510 1035 qui
1539 981 1798 1024 senectutem
1827 994 1916 1023 non
1946 985 2139 1024 curantes
2172 996 2271 1039 opes
2300 984 2526 1040 voluptatis
2551 997 2677 1028 causa

255 1052 370 1107 large
411 1051 676 1107 profundant.
743 1050 804 1092 Hi
847 1054 970 1092 sunto
1009 1054 1218 1106 sumptus,
1262 1051 1365 1092 haec
1403 1064 1531 1106 opum
1568 1052 1899 1107 colligendarum
1936 1065 2054 1106 cura,
2097 1056 2145 1095 ut
2181 1067 2319 1109 neque
2355 1055 2447 1097 aliis
2482 1055 2676 1098 laborum

255 1123 440 1165 fructum
477 1122 615 1164 tradas
653 1135 791 1177 neque
827 1122 1079 1164 mendiceris
1109 1125 1150 1163 et
1179 1126 1395 1177 tamquam
1425 1122 1631 1164 serviliter
1659 1126 1701 1165 te
1730 1135 1874 1179 gerere
1905 1125 2068 1179 cogaris
2099 1136 2237 1180 neque
2268 1127 2410 1168 omnia
2437 1127 2609 1182 gaudia,
2640 1127 2677 1169 si

255 1194 359 1236 forte
390 1193 444 1235 ad
474 1196 732 1235 senectutem
761 1194 1019 1248 perveneris,
1049 1196 1091 1234 te
1120 1193 1294 1248 fugiant.

829 1274 963 1329 Οὕτω,
994 1273 1289 1333 Δημόκλεες
1319 1274 1432 1317 κατὰ
1460 1274 1641 1333 χρήματ’
1673 1274 1849 1332 ἄριστον
1879 1275 2087 1334 ἁπάντων

895 1346 972 1403 τὴν
1002 1344 1204 1404 δαπάνην
1233 1344 1405 1388 θέσθαι
1438 1345 1512 1388 καὶ
1542 1344 1724 1406 μελέτην
1754 1345 1917 1402 ἐχέμεν·

826 1414 922 1459 οὔτε
952 1417 1032 1473 γὰρ
1063 1416 1116 1458 ἂν
1145 1417 1388 1473 προκαμὼν
1417 1416 1534 1473 ἄλλῳ
1566 1416 1762 1472 κάματον
1790 1415 2081 1478 παραδοίης,

897 1486 984 1530 οὔτ’
1017 1486 1069 1529 ἂν
1098 1488 1331 1542 πτωχεύων
1362 1488 1619 1548 δουλοσύνην
1650 1487 1831 1540 τελέοις·

825 1557 913 1601 οὐδ’
946 1556 985 1601 εἰ
1015 1566 1145 1617 γῆρας
1174 1559 1307 1611 ἵκοιο,
1340 1559 1396 1602 τὰ
1423 1559 1659 1617 χάρματα
1689 1559 1820 1602 πάντ’
1852 1558 2094 1620 ἀποδραίη·

898 1629 942 1672 ἒν
972 1628 1020 1672 δὲ
1050 1630 1206 1686 τοιῷδε
1236 1628 1347 1687 γένει
1375 1631 1555 1690 χρήματ’
1587 1630 1764 1688 ἄριστον
1793 1629 1915 1685 ἔχειν.

433 1702 498 1745 De
534 1706 620 1745 toto
656 1703 749 1744 loco
789 1703 944 1758 optime
981 1703 1157 1744 meritus
1188 1707 1250 1745 est
1279 1703 1506 1758 Bergkius,
1537 1705 1607 1745 cui
1639 1703 1839 1746 debemus
1870 1708 1911 1746 et
1941 1700 2237 1763 παραδοίης
2266 1718 2342 1760 pro
2372 1701 2605 1764 μεταδοίης
2635 1710 2677 1749 et

252 1772 488 1830 χάρματα
517 1787 593 1830 pro
622 1772 835 1831 χρήματα;
879 1773 992 1815 idem
1024 1770 1134 1829 γένει
1164 1774 1401 1816 insolenter
1436 1774 1603 1816 dictum
1640 1775 1824 1826 adnotat,
1859 1778 1914 1817 ut
1946 1775 2063 1817 idem
2097 1775 2158 1817 sit
2192 1777 2308 1831 quod
2344 1772 2509 1833 ἡλικία,
2548 1790 2676 1833 quam

259 1846 430 1901 quidem
466 1846 682 1887 notionem
719 1848 859 1900 aptam
896 1857 986 1886 esse
1015 1845 1101 1886 loci
1132 1846 1360 1887 sententiae
1390 1858 1510 1901 nego.
1573 1845 1751 1888 Coniicit
1779 1846 1989 1902 Bergkius
2020 1844 2189 1901 πέλει,
2221 1850 2275 1889 ut
2304 1844 2348 1888 ἐν
2377 1846 2532 1903 τοιῷδε
2559 1849 2677 1891 idem

257 1917 316 1959 sit
352 1918 467 1972 quod
496 1914 541 1958 ἐν
570 1919 632 1971 τῷ
660 1915 861 1971 τοιούτῳ,
898 1916 950 1957 in
980 1916 1057 1958 hoe
1086 1930 1236 1958 rerum
1266 1920 1410 1958 statu:
1448 1917 1555 1958 mihi
1584 1917 1700 1959 aliud
1733 1917 1836 1973 quid
1865 1918 1993 1960 latere
2023 1918 2069 1959 in
2099 1914 2209 1973 γένει
2240 1918 2417 1960 videtur.
2477 1918 2534 1962 Et
2563 1921 2677 1976 cogi·

254 1989 358 2030 tanti
400 1988 505 2030 mihi
549 2001 677 2043 quam
718 1987 862 2029 multis
905 1987 1044 2029 verbis
1080 1990 1203 2043 poeta
1239 2000 1284 2029 se
1321 1987 1512 2030 dubitare
1550 1991 1672 2030 antea
1710 1988 1881 2043 dixerit,
1919 2002 2026 2044 quae
2061 1990 2172 2031 vitae
2207 1990 2277 2031 via
2312 1989 2587 2046 ingredienda
2622 1991 2677 2033 sit

256 2060 313 2112 (v.
337 2060 420 2101 910
442 2059 559 2114 seq.):
2650 2051 2655 2054 “

825 2114 901 2158 καὶ
932 2115 1146 2171 δάκνομαι
1180 2117 1318 2175 ψυχὴν
1347 2115 1422 2160 καὶ
1454 2114 1551 2171 δίχα
1582 2117 1726 2172 θυμὸν
1756 2114 1855 2173 ἔχω,

779 2186 823 2229 ἐν
853 2187 1011 2245 τριόδῳ
1043 2187 1081 2230 δ’
1114 2185 1287 2247 ἕστηκα.
1320 2188 1384 2231 δύ’
1416 2185 1502 2231 εἶσὶ
1532 2188 1734 2246 πρόσθεν
1764 2186 1860 2232 ὁδοί
1888 2204 1984 2243 μοι,

255 2274 386 2312 nunc,
419 2274 517 2302 cum
543 2260 645 2315 quid
672 2261 878 2315 optimum
901 2259 1015 2302 factu
1040 2261 1096 2302 sit
1118 2261 1343 2315 invenerit,
1375 2261 1587 2316 aptissime
1611 2261 1718 2302 illud
1750 2261 1942 2303 distincte
1967 2261 2135 2304 videtur
2160 2261 2432 2317 significasse,
2463 2262 2674 2318 siquidem

255 2333 419 2387 scripsit
450 2328 494 2372 ἐν
524 2328 572 2372 δὲ
601 2329 766 2386 τοιῷδ’,
798 2331 865 2372 vel
895 2332 1035 2386 potius
1067 2328 1323 2382 ἆσυνδέτωςε

826 2411 869 2454 ὲν
899 2412 1045 2469 τοιῷδ’
1078 2411 1190 2471 ἐτεῇ
1217 2413 1398 2471 χρήματ’
1430 2411 1605 2471 ἄριστον
1636 2410 1755 2467 ἔχειν.

259 2485 332 2529 Sic
361 2499 407 2528 re
437 2499 538 2527 vera
568 2485 785 2540 optimum
816 2488 878 2526 est
907 2499 1005 2540 opes
1035 2485 1197 2527 habere.

256 2553 455 2610 Adiungo
493 2556 618 2598 aliud.
679 2553 825 2597 Monet
854 2559 992 2611 poeta,
1030 2569 1084 2598 ne
1116 2555 1271 2598 divitiis
1301 2556 1482 2612 profusis
1513 2556 1792 2599 mendicando
1825 2558 1971 2599 amicis
2002 2558 2203 2600 molestus
2234 2558 2308 2599 sis:
2353 2561 2395 2600 at
2428 2557 2536 2615 ἡβᾶν
2563 2556 2675 2611 μετὰ

255 2632 339 2668 τῶν
370 2623 509 2684 φίλων
538 2640 626 2669 non
655 2630 784 2678 vetat,
814 2628 945 2668 immo
976 2627 1281 2682 reprehendere
1311 2641 1487 2669 avarum
1517 2627 1703 2682 videtur,
1735 2628 1850 2683 quod
1880 2642 1966 2670 una
1996 2641 2095 2670 cum
2125 2629 2270 2670 amicis
2299 2630 2424 2684 genio
2454 2628 2675 2686 indulgere

255 2711 342 2740 non
371 2698 483 2740 velit.
530 2697 668 2748 Quid?
712 2697 944 2752 HesioduS,
976 2698 1096 2740 cuius
1127 2711 1250 2753 saepe
1279 2698 1409 2740 verba
1438 2699 1544 2740 mihi
1575 2699 1678 2740 haec
1708 2700 1848 2741 animo
1880 2699 2159 2742 consideranti
2188 2700 2234 2741 in
2264 2700 2510 2742 memoriam
2539 2690 2676 2743 redie-

254 2772 369 2823 runt,
400 2782 542 2811 nonne
572 2769 679 2811 illud
711 2781 880 2824 quoque
911 2767 1029 2810 iubet
1060 2768 1155 2824 (Op.
1180 2770 1299 2823 353):
1332 2767 1408 2811 τὸν
1437 2766 1626 2826 φιλέοντ’
1657 2766 1735 2811 ἐπὶ
1768 2768 1896 2811 δαῖτα
1929 2769 2102 2812 καλεῖνῗ
2136 2769 2294 2820 Quidni
2311 2771 2512 2826 placuerit
2528 2774 2674 2826 poetae

348 2841 355 2847 ⁴
824 2839 926 2880 ὥστ’
959 2837 1002 2890 ἐς
1032 2837 1192 2896 ἄκαιρα
1223 2841 1376 2882 πονεῖν
1405 2838 1480 2882 καὶ
1510 2840 1571 2897 μὴ
1602 2838 1730 2894 δόμεν
1762 2833 1797 2896 ᾦ
1828 2856 1877 2883 κε
1908 2841 1996 2896 (vel
2025 2842 2165 2897 potius
2197 2840 2251 2884 ὅν
2280 2842 2353 2894 κε)
2385 2838 2567 2900 φιλοίη

256 2924 329 2966 pro
361 2902 397 2966 ᾧ
428 2911 467 2951 κ’
499 2908 632 2968 ἐθέλῃ
661 2911 730 2953 vel
761 2902 797 2966 ᾦ
827 2910 867 2952 κ’
900 2908 1049 2952 ἐθέλοι
1083 2911 1178 2961 ug?

432 2982 530 3024 Alio
561 2995 687 3025 versu
716 2982 930 3025 Hesiodus
962 2982 1111 3024 suadet

825 3050 900 3095 καὶ
932 3051 1061 3107 δόμεν
1090 3052 1139 3103 ὅς
1168 3068 1243 3095 κεν
1274 3052 1336 3109 δῷ
1367 3051 1442 3095 καὶ
1471 3053 1533 3111 μὴ
1563 3051 1692 3108 δόμεν
1723 3053 1770 3104 ὃς
1800 3068 1872 3096 κεν
1899 3053 1961 3112 μὴ
1991 3053 2071 3110 δῷε

255 3125 395 3167 nescio
426 3137 479 3165 an
510 3124 638 3178 hujus
669 3138 841 3180 quoque
872 3124 972 3166 dicti
1003 3127 1125 3179 poeta
1155 3126 1404 3167 meminerit.

433 3194 551 3237 XIV.
612 3194 667 3237 V.
690 3197 774 3238 959
801 3209 934 3251 seqq:

826 3262 922 3308 ἔστε
951 3263 1030 3319 μὲν
1061 3263 1190 3316 αὐτὸς
1219 3261 1373 3308 ἔπινον
1404 3264 1497 3308 ἀπὸ
1527 3266 1683 3325 κρήνης
1711 3266 1988 3325 μελανύδρου,

897 3335 977 3394 ἡδὺ
1006 3333 1115 3387 τέως
1145 3334 1285 3379 ἐδόκει
1317 3335 1393 3379 καὶ
1424 3336 1556 3380 καλὸν
1586 3331 1704 3391 εἶμεν
1734 3337 1864 3394 ὕδωρ·
