2762 3762
1179 207 1471 249 -11—

121 332 201 377 Τοὶ
248 332 327 389 μὲν
376 333 638 387 ὑποχθόνιοι
686 332 878 392 μάκαρες
925 337 1141 394 θνητοῖς
1188 332 1416 378 καλέονται
1466 338 1619 392 corrigi
1668 340 1873 392 oportere,
1917 350 2049 392 quam
2099 337 2434 380 emendationem
2476 338 2528 380 ab

114 406 166 448 A.
197 405 380 448 Rzachio
411 407 458 447 in
487 409 651 448 textum
680 409 890 461 receptam
920 419 1010 448 esse
1040 406 1174 450 video.
1235 406 1505 462 Ignorabam,
1537 421 1635 450 cum
1663 409 1722 454 ita
1752 409 1915 464 scripsi,
1945 407 2227 464 fragmentum
2257 408 2530 451 Pindaricum

115 477 221 530 (133
252 477 294 518 in
327 475 401 518 IV.
433 476 615 519 editione
637 476 914 532 Bergkiana):
948 474 991 527 ἐς
1022 474 1070 518 δὲ
1099 476 1174 519 τὸν
1202 476 1362 520 λοιπὸν
1388 475 1536 534 χρόνον
1565 477 1724 536 ἥρωες
1752 477 1884 536 πρὸς
1913 475 2206 535 ἀνθρώπων
2236 478 2528 531 καλεῦνται,

115 559 199 602 quo
229 547 321 589 loco
354 546 552 590 Boeotius
580 550 703 603 poeta
732 546 956 594 Boeotium
985 549 1170 590 imitatus
1201 561 1293 591 esse
1320 562 1415 591 mea
1445 546 1619 604 quidem
1649 550 1854 592 sententia
1882 549 2134 592 iudicandus
2165 554 2236 592 est.

290 629 456 672 XXIV.
516 629 569 671 In
599 629 825 672 embaterio
855 630 924 684 Ty
933 631 1061 673 rtaei
1090 644 1115 672 a
1144 630 1282 673 Dione
1314 630 1612 686 chrysostomo
1644 636 1806 675 servato
1837 634 2074 675 notissimo:

681 709 808 767 ἄγετ’,
840 709 875 754 ὦ
906 711 1119 770 Σπάρτας,
1145 711 1346 770 εὐάνδρου
1897 706 1901 711 ’

680 788 827 840 κοῦροι
858 781 1060 840 πατέρων
1089 783 1325 836 πολιατᾶν,

681 853 786 911 λαιᾷ
814 851 893 908 μὲν
922 850 1016 896 ἴτυν
1044 853 1348 910 προβάλεσθε,

682 923 783 981 δόρυ
813 924 851 966 δ’
884 923 1098 978 εὐτόλμως
1126 924 1307 979 βάλλετε

679 995 741 1053 μὴ
771 994 1021 1053 φειδόμενοι
1051 1002 1128 1047 τοῖς
1159 994 1287 1048 ζῶας·

682 1064 731 1108 οὐ
761 1066 842 1123 γὰρ
871 1065 1062 1123 πάτριον
1090 1069 1146 1124 τᾷ
1175 1066 1366 1125 Σπάρτᾳ

110 1150 262 1195 vitium
297 1149 495 1192 versiculi
532 1151 669 1205 quarti
704 1147 901 1204 βάλλετε,
942 1150 1055 1205 quod
1086 1150 1185 1193 inde
1216 1154 1356 1193 ortum
1386 1153 1465 1205 est,
1503 1150 1616 1206 quod
1645 1163 1721 1206 per
1750 1163 1935 1193 errorem
1963 1150 2029 1193 bis
2058 1151 2173 1193 idem
2202 1152 2380 1195 verbum
2410 1165 2526 1209 προ-

109 1218 303 1276 βάλεσθε
332 1221 517 1277 positum
547 1224 653 1276 erat,
683 1233 773 1262 non
802 1221 861 1263 ita
889 1224 938 1263 ut
967 1221 1150 1277 Bergkio
1180 1223 1227 1264 in
1256 1225 1442 1264 mentem
1472 1225 1644 1264 venerat

682 1301 783 1360 δόρυ
815 1301 1089 1360 (δεξιτερᾷ)
1122 1303 1160 1346 δ’
1193 1302 1408 1358 εὐτόλμως

110 1386 346 1429 tollendum
375 1399 483 1440 esse,
515 1386 587 1428 sed
619 1386 689 1428 hic
720 1399 889 1441 quoque
919 1386 1099 1429 verbum
1130 1387 1456 1444 expectandum,
1487 1387 1621 1429 multo
1652 1390 1877 1443 antequam
1907 1387 2084 1430 eandem
2114 1389 2362 1431 sententiam
2387 1388 2527 1431 Sta-dt-

109 1457 338 1500 muellerus
370 1457 494 1512 dixit,
523 1457 731 1499 intellexi:
763 1457 918 1499 multos
943 1457 1076 1500 habeo
1104 1459 1194 1500 eius
1224 1459 1286 1500 rei
1316 1461 1440 1500 testes
1471 1458 1697 1514 discipulos
1727 1471 1861 1514 meos,
1894 1471 1999 1514 quos
2031 1458 2176 1501 decem
2206 1458 2358 1501 abhinc
2389 1473 2525 1502 annos

109 1528 223 1570 hunc
251 1529 298 1570 in
327 1528 504 1570 modum
534 1527 791 1570 embaterion
821 1530 1046 1571 memoriae
1077 1529 1240 1571 tradere
1269 1530 1392 1571 iussi:
1466 1558 1468 1561 v

595 1666 597 1669 Ι
679 1607 805 1666 ἄγετ’,
837 1606 872 1651 ὦ
903 1609 1112 1668 Σπάρτας
1142 1608 1344 1666 εὐάνδρου

678 1687 825 1737 κοῦροι
854 1679 1058 1738 πατέρων
1087 1681 1329 1734 πολιατᾶν,

677 1751 783 1809 λαιᾷ
810 1749 891 1806 μὲν
918 1748 1013 1794 ἰ’τυν
1042 1751 1344 1810 προβάλεσθε,

679 1821 779 1880 δόρυ
810 1822 849 1865 δ’
881 1821 1095 1878 εὐτόλμως
1125 1821 1380 1877 ἄνσχεσθε
1410 1822 1515 1876 κτλ.,

108 1920 197 1955 non
227 1903 492 1960 ἀνέχεσθε,
525 1919 632 1962 quae
662 1910 725 1949 est
755 1906 1065 1949 Stadtmuelleri
1095 1908 1318 1949 sententiat
1348 1907 1559 1963 postulare
1590 1907 1705 1949 enim
1729 1907 1906 1949 aoristus
1930 1907 2097 1951 videtur
2120 1909 2338 1950 aoristum:
2373 1908 2524 1950 obver-

109 1982 224 2021 satur
253 1983 398 2034 poetae
428 1978 679 2020 bellatorum
707 1979 864 2033 imagO,
896 1978 1031 2033 qualis
1063 1978 1311 2020 describitur
1340 1979 1393 2019 Λ
1417 1979 1500 2020 592
1527 1991 1661 2034 seqq.:

678 2058 737 2111 ὣς
767 2056 891 2118 ἔφατ’
923 2058 1175 2117 Εὐρύπυλος
1203 2057 1484 2119 βεβλημένος·
1516 2056 1558 2103 οἱ
1590 2058 1639 2102 δὲ
1667 2061 1775 2118 παρ’
1808 2058 1937 2106 αὐτόν

677 2128 859 2190 πλησίοι
891 2127 1092 2190 ἔστησαν,
1126 2129 1245 2173 σάκε’
1278 2129 1438 2185 ὤμοισι
1469 2127 1705 2184 κλίναντες,

337 2245 341 2249 ,
678 2201 848 2259 δούρατ’
881 2200 1160 2257 ἀνασχόμενοι
1169 2235 1179 2255 ,

108 2286 306 2341 idemque
335 2286 647 2328 hemistichium
676 2287 876 2341 repetitur
910 2286 947 2328 Ο
974 2287 1059 2328 298
1092 2289 1133 2328 et
1162 2287 1201 2327 P
1222 2287 1320 2328 234.

286 2368 430 2410 XXV.
491 2368 650 2411 Versus
682 2367 986 2424 Sophocleos
1023 2369 1074 2410 ab
1106 2368 1320 2422 Hesychio
1357 2382 1388 2410 s.
1407 2382 1445 2409 v.
1483 2364 1654 2425 κουρίον
1689 2372 1873 2411 servatos
1902 2367 1945 2410 N
1945 2369 2119 2410 auckius
2156 2370 2201 2410 in
2237 2370 2351 2411 hunc
2388 2369 2523 2411 edidit

108 2440 285 2482 modum
314 2440 362 2481 fr.
385 2441 488 2481 122:

677 2508 806 2563 νόμος
835 2508 915 2567 γάρ
947 2508 1040 2552 ἐστι
1071 2508 1307 2567 βαρβάροις
1335 2509 1607 2569 θυηπολεῖν’

677 2579 871 2637 βρότειον
901 2579 1089 2638 ἀρχῆθεν
1119 2579 1240 2638 γέρος
1269 2582 1332 2637 τῷ
1360 2579 1531 2638 Κρόνῳ,

109 2665 185 2707 ubi
220 2665 399 2707 alterum
434 2677 604 2706 versum
641 2667 885 2719 corruptum
921 2677 1010 2706 esse
1039 2677 1164 2706 nemo
1196 2678 1285 2706 non
1315 2664 1438 2706 videt.
1499 2664 1747 2706 Tentamina
1776 2668 1817 2706 et
1847 2664 2062 2720 Scaliger-i,
2095 2666 2168 2719 qui
2198 2662 2316 2720 γένος
2345 2667 2522 2720 scripsit,

111 2739 153 2778 et
177 2735 444 2790 Buttmanni,
476 2736 550 2790 qui
579 2732 704 2791 γέρας
735 2736 928 2790 coniecit,
957 2735 1026 2777 vel
1057 2748 1105 2777 eo
1136 2739 1247 2778 recte
1271 2735 1507 2791 repudiavit
1531 2735 1764 2790 Nauckius,
1796 2736 1895 2791 quia
1918 2748 1971 2777 ne
1995 2738 2128 2777 metro
2155 2736 2326 2791 quidem
2349 2749 2521 2791 prorsus

110 2807 209 2853 satis
239 2806 415 2848 faciunt:
455 2805 575 2861 ‘quid
604 2807 766 2858 lateat',
806 2819 1062 2862 quamquam
1100 2806 1269 2848 difficile
1300 2809 1363 2848 est
1399 2809 1510 2848 certo
1543 2806 1698 2861 dicere,
1733 2806 1848 2849 haud
1884 2807 2022 2862 inepte
2058 2810 2199 2849 tamen
2231 2820 2279 2848 ac
2308 2807 2523 2849 lenissima

111 2878 325 2933 scripseris
354 2878 605 2919 mutatione:

679 2945 808 3001 νόμος
838 2945 918 3005 γάρ
950 2945 1042 2990 ἐστι
1073 2946 1310 3005 βαρβάροις
1339 2947 1586 3006 θυηπολεῖν

678 3016 873 3075 βρότειον
903 3016 1091 3076 ἅρχῆθέν
1122 3033 1173 3074 γε
1200 3024 1368 3075 χρῶτα
1398 3021 1461 3075 τῷ
1490 3017 1660 3076 Κρόνῳ,
1721 3075 1724 3077 μ

113 3115 196 3155 qua
236 3104 403 3156 recepta
445 3101 735 3143 emendatione
777 3104 910 3143 metro
955 3115 1123 3158 quoque
1166 3102 1411 3144 subveneris
1449 3102 1709 3144 claudicanti.
1776 3101 1878 3143 Erat
1918 3103 2047 3157 igitur
2087 3115 2179 3143 mos
2215 3102 2401 3144 barbaris
2437 3102 2521 3143 illis

111 3173 340 3226 antiquitus
370 3171 563 3226 traditus,
592 3174 641 3213 ut
669 3172 918 3214 humanum
947 3186 1102 3228 corpus
1127 3172 1307 3214 Saturno
1337 3173 1614 3215 immolarent.
1665 3173 1780 3214 Usus
1811 3175 1873 3215 est
1903 3172 2050 3215 eadem
2078 3173 2290 3215 locutione
2309 3172 2521 3214 Hesiodus

113 3241 188 3297 Op.
201 3242 305 3283 415:
343 3241 454 3296 μετὰ
485 3239 533 3283 δὲ
561 3239 772 3299 τρέπεται
800 3240 1011 3298 βρότεος
1037 3242 1167 3300 χρώς
1195 3242 1370 3286 Πολλὸν
1400 3241 1700 3300 ἐλαφρότερος,
1733 3256 1812 3285 nec
1843 3243 2100 3286 dissimiliter
2130 3244 2242 3298 apud
2273 3243 2522 3298 Euripidem-

111 3312 212 3354 Hec.
234 3313 318 3354 406
349 3313 570 3367 Polyxena
599 3316 775 3355 matrem
805 3314 970 3357 affatur:

2180 3386 2235 3415 9*

2180 3414 2202 3426 -1
