2722 3770
941 726 1255 793 Rudolfi
1309 725 1879 806 Peppmuelleri

425 854 494 908 in
547 857 775 924 poetas
834 851 1130 917 Graecos,
1186 850 1461 904 maxime
1516 850 1584 903 in
1640 849 1884 919 elegias
1939 850 2388 920 Theognid'eas'
2442 923 2447 927 .

1125 967 1470 1019 exercitationes
1507 966 1702 1014 criticae.

1294 1094 1522 1129 Accedunt

1078 1176 1413 1242 Theodori
1456 1175 1738 1255 Bergkii

700 1301 764 1349 ad
805 1300 1042 1348 Periclis
1085 1299 1257 1347 vitam
1299 1298 1686 1346 Plutarcheam
1730 1298 2124 1346 adnotamenta.

379 1454 412 1496 Ι.
472 1453 509 1495 Ε
542 1454 791 1495 coniecturis
823 1465 927 1507 quas
959 1451 1012 1493 ad
1041 1451 1347 1507 Theognidis
1378 1464 1524 1493 versus
1558 1451 1653 1492 117.
1691 1451 1818 1492 1182.

865 1533 1070 1591 κιβδήλου
1102 1533 1139 1576 δ’
1172 1532 1324 1590 ἀνδρὸς
1354 1539 1509 1590 γνῶναι
1538 1532 1840 1590 χαλεπώτερον
1871 1530 2003 1585 οὐδέν,

936 1605 1077 1662 Κύρν’,
1111 1603 1199 1647 οὐδ’
1232 1602 1432 1663 εὐλαβίης
1463 1602 1555 1646 ἐστὶ
1586 1602 1691 1662 περὶ
1722 1601 1907 1655 πλέονος

202 1691 479 1734 restituendos
509 1690 590 1731 viri
622 1689 733 1731 docti
762 1690 809 1730 in
838 1689 1027 1731 medium
1057 1689 1339 1744 protulerunt,
1375 1688 1509 1742 nuHa,
1545 1701 1599 1729 ne
1629 1687 1703 1729 illa
1734 1688 1906 1742 quidem
1945 1701 2072 1743 quam
2103 1687 2450 1732 Stadtmuellerus
2481 1703 2615 1746 nuper

200 1763 435 1819 proposuit,
466 1757 564 1802 ἔσθ’
603 1757 744 1816 ἕτερον
779 1757 979 1811 πλέονος,
1017 1761 1075 1802 ita
1111 1760 1216 1801 mihi
1255 1759 1427 1814 quidem
1456 1759 1659 1814 probatur
1693 1762 1742 1800 ut
1771 1758 2050 1801 Heimsoethii
2087 1754 2185 1800 ἔσθ’
2218 1747 2328 1816 ὅπερ
2357 1753 2384 1818 ᾗ
2415 1758 2609 1814 πλέονος,

204 1846 252 1876 eo
282 1837 423 1876 tamen
452 1833 623 1874 nomine
653 1831 930 1887 improbanda
965 1831 1037 1873 illa
1068 1831 1256 1886 quidem,
1295 1830 1409 1886 quod
1440 1831 1756 1872 coniunctivum
1793 1833 1938 1872 auctor
1966 1833 2113 1886 poetae
2143 1830 2298 1873 reddit:
2344 1832 2614 1874 scribendum

207 1907 279 1947 aut
310 1901 398 1946 οὐδ’
430 1899 631 1960 εὖλαβίης
661 1900 801 1944 ἐστὶν
831 1901 959 1958 ὅπερ
990 1899 1175 1951 πλέονος
1205 1904 1277 1943 aut
1308 1900 1333 1943 δ’
1362 1915 1412 1942 τι
1444 1898 1640 1951 πλέονος.

381 1975 436 2017 ΙΙ.
496 1974 561 2016 De
590 1973 873 2016 imbecillitate
897 1974 1084 2015 humana
1109 1977 1150 2015 et
1173 1986 1315 2015 rerum
1339 1973 1520 2026 inscitia,
1553 1973 1707 2028 quibus
1732 1973 1952 2027 efficiatur,
1982 1976 2030 2015 ut
2054 1973 2290 2015 voluntates
2316 1974 2537 2016 hominum
2563 1975 2615 2016 ad

205 2050 365 2090 certum
396 2060 444 2088 ac
473 2046 742 2102 propositum.
761 2045 890 2087 finem
922 2045 1096 2100 perduoi
1126 2045 1202 2085 vix
1234 2048 1406 2099 queant,
1436 2047 1559 2098 poeta
1590 2043 1797 2086 disserens
1827 2044 1893 2086 his
1924 2044 2063 2086 verbis
2096 2045 2327 2087 orationem
2356 2045 2468 2087 finit:

869 2125 1102 2183 ἄνθρωποι
1134 2124 1183 2168 δὲ
1211 2124 1379 2180 μάταια
1411 2122 1647 2180 νομίζομεν,
1681 2122 1842 2177 εἰδότες
1873 2123 2014 2168 οὐδέν·

938 2198 1040 2240 θεοὶ
1072 2197 1119 2239 δὲ
1149 2197 1261 2239 κατὰ
1293 2195 1499 2254 σφέτερον
1529 2195 1678 2239 πάντα
1709 2197 1878 2239 τελοῦσι
1910 2196 2018 2240 νόον.

206 2284 323 2327 Vidit
365 2283 468 2339 quid
509 2296 584 2337 pro
628 2282 863 2338 corruptela
903 2281 1107 2337 flagitaret
1148 2282 1231 2323 loci
1275 2282 1480 2323 sententia
1515 2280 1741 2336 Bergkius‚
1784 2294 1871 2323 non
1908 2280 2270 2324 Stadtmuellerus:
2315 2283 2386 2325 ille
2423 2285 2537 2326 enim
2574 2285 2620 2325 in

207 2359 353 2412 quarta
387 2355 619 2408 lyricorum
654 2357 819 2409 poetam
854 2351 1019 2410 μάτην
1056 2354 1158 2407 (sive
1187 2350 1363 2406 μάταις)
1400 2348 1718 2406 μοχθίζομεν
1755 2353 1969 2407 scripsisse
2005 2354 2239 2408 suspicatus
2276 2358 2354 2409 est,
2398 2356 2467 2396 hic
2504 2356 2618 2410 quod

206 2427 382 2469 coniecit
421 2424 590 2479 μάταια
632 2422 896 2479 τοπάζομεν,
939 2424 985 2466 id
1028 2437 1107 2466 nec
1148 2424 1232 2465 loci
1275 2425 1502 2466 sententiae
1544 2436 1682 2479 neque
1726 2424 1902 2465 orationi
1936 2427 2082 2479 poetae
2125 2425 2291 2467 videt-ur
2333 2427 2431 2468 satis
2466 2427 2615 2469 facere.

205 2497 296 2554 Ego
329 2497 500 2552 quidem
530 2497 670 2539 nescio
703 2510 757 2538 an
787 2496 998 2551 scripserit
1029 2495 1253 2550 Theognis:

870 2576 1104 2636 ἄνθρωποι
1138 2576 1186 2619 δὲ
1215 2576 1396 2631 μάται’
1429 2558 1746 2633 ἅλεγίζομεν,
1781 2573 1943 2628 εἰδότες
1974 2575 2112 2620 οὖδένῑ

206 2664 407 2705 nimirum
438 2662 630 2704 similiter
658 2662 771 2703 idem
802 2663 960 2710 v.‚310:
992 2660 1156 2703 Πάντ’
1189 2659 1380 2716 ἀλέγων
1410 2660 1564 2718 λήθειν
1596 2660 1655 2711 ὡς
1685 2659 1879 2703 ἃπεόντα
1910 2659 2042 2703 δόκει.

382 2733 459 2775 ΙΙΙ.
522 2733 670 2775 Sobrio
701 2733 857 2775 iudicio
892 2746 1014 2775 usum
1047 2735 1195 2788 opinor
1224 2732 1562 2774 Heimsoethium
1592 2746 1630 2774 v,
1648 2733 1700 2773 17
1706 2734 1731 2774 3
1747 2724 1850 2788 seqss:

871 2813 988 2872 ἄνδρ’
1021 2814 1190 2871 ἀγαθὸν
1219 2812 1351 2873 πενίη
1380 2813 1560 2857 πάντων
1591 2813 1776 2873 δάμνησι
1806 2814 1999 2869 μάλιστα

942 2884 1020 2928 καὶ
1053 2886 1190 2944 γήρως
1219 2885 1391 2937 πολιοῦ,
1423 2885 1572 2942 Κύρνε,
1605 2884 1679 2927 καὶ
1713 2884 1902 2943 ἠπιάλου

209 2984 284 3028 pro
316 2970 477 3013 πολιοῦ
506 2969 691 3012 πλεῖον
720 2970 977 3025 reposuisse:
1008 2971 1122 3012 idem
1152 2983 1257 3012 num
1288 2983 1462 3011 manum
1491 2972 1636 3024 poetae
1666 2970 1891 3011 restituerit
1922 2970 2084 3012 dubito:
2118 2972 2270 3012 etenim
2297 2971 2413 3013 aliud
2436 2971 2620 3013 vocabu-

210 3043 300 3085 lum
331 3043 611 3098 superlativus
640 3039 832 3094 μάλιστα
862 3041 1030 3083 videtur
1059 3053 1282 3096 suggerere
1313 3041 1410 3082 hoc:

872 3121 946 3165 καὶ
980 3122 1117 3181 γήρως
1145 3121 1349 3177 μάλιον,
1381 3121 1531 3180 Κύρνε,
1563 3120 1638 3165 καὶ
1669 3121 1874 3180 ἠπιάλου.

210 3207 325 3250 Usus
354 3208 434 3250 hoc
465 3208 745 3262 comparativo
775 3207 977 3260 Tyrtaeus
1008 3210 1071 3249 est
1099 3207 1147 3248 fr.
1171 3207 1237 3261 12,
1265 3206 1310 3248 6:
1354 3202 1575 3264 Πλουτοίη
1607 3203 1655 3247 δὲ
1685 3201 1839 3247 Μίδεω
1871 3203 1946 3247 καὶ
1976 3206 2168 3263 Κινύρεω
2199 3206 2402 3261 μάλιον,
2435 3207 2509 3250 sed
2538 3208 2619 3250 hoc

211 3291 379 3334 quoque
409 3279 501 3320 loco
531 3278 692 3320 librarii
722 3291 859 3319 raram
888 3277 1066 3320 formam
1104 3278 1374 3333 expulerunt:
1421 3276 1670 3319 confirmant
1707 3277 1882 3319 eandem
1918 3279 2028 3320 inter
2056 3280 2348 3334 grammaticos
2379 3278 2619 3332 Hesychius

209 3352 250 3391 et
281 3348 603 3391 Choeroboscus.

2283 3422 2299 3461 1
2314 3421 2335 3444 *
