2762 3762
1243 201 1507 240 -4..-

339 330 416 374 IV.
474 329 545 371 Ex
573 329 792 371 literarum
822 329 1009 383 vestigiis
1047 340 1155 382 quae
1193 331 1436 383 comparent
1471 341 1509 369 V.
1537 329 1622 370 288
1661 329 1708 370 in
1744 329 1834 371 cod.
1860 330 1919 371 A:
1963 345 2022 379 ως
2052 328 2100 371 δε
2129 342 2320 372 τοσωσαι
2353 328 2391 372 εἰ
2422 328 2581 373 πολλοὶ

161 401 254 444 κτλ.
287 402 397 443 hanc
426 413 628 442 versuum
660 400 743 442 287
766 412 850 454 seq.
882 399 1112 454 genuinam
1142 397 1321 440 formam
1352 411 1443 441 esse
1474 399 1665 441 conicere
1695 399 1809 441 licet:

828 479 873 522 ἐν
902 478 982 537 γάρ
1013 494 1083 522 τοι
1113 478 1244 522 πόλει
1276 475 1363 522 ὧδε
1390 479 1630 537 κακοψόγῳ
1661 479 1833 523 ἁνδάνει
1866 479 2007 524 οὐδέν·

898 550 1172 593 νώσασθαι
1204 549 1259 593 δὲ
1288 549 1443 594 κακοὶ
1473 551 1650 607 πολλῷ
1681 549 1966 609 ἀνολβότεροι.

163 640 210 679 Ν
213 635 457 678 ώσασθαι
490 635 748 691 corruptelae
778 635 863 676 iam
888 633 1098 690 Bergkius
1130 634 1273 676 elicuit
1303 636 1546 690 ceteroquin
1577 635 1679 677 alias
1705 635 1942 691 corrigendi
1966 637 2055 678 vias
2085 637 2317 692 ingressus:
2350 638 2585 692 suspicatur

162 709 294 751 enim:
341 705 401 758 ὡς
432 704 508 748 ε’τὰ
538 704 770 747 νώσασθαι
801 708 843 747 et
873 703 933 755 ὡς
961 703 1158 746 νώσασθ’
1189 700 1290 747 αἶεί.

341 802 396 845 V.
455 801 509 845 V.
528 802 614 843 419
635 813 719 855 seq.
751 800 854 842 haec
885 803 948 842 est
986 803 1208 842 contextus
1238 801 1362 855 ratic,
1399 803 1447 842 ut
1476 813 1551 856 pro
1588 799 1735 842 πολλά
1763 815 1819 855 με
1850 798 1925 842 καὶ
1955 803 2219 857 negationem
2250 803 2390 857 potius
2422 801 2585 844 deside-

166 875 336 916 raveris.
394 871 641 928 Legendum
671 872 802 927 igitur
830 870 1015 913 videtur:

827 951 957 996 πόλλ’
988 949 1128 1009 ἔμεγ’
1161 950 1216 995 οὐ
1247 950 1444 995 συνιέντα
1474 951 1883 1011 παρέρχπαι,μάλλ’
1915 953 1993 996 ὑπ’
2026 952 2212 1013 ἀνάγκης

902 1029 1022 1080 σιγῶ,
1055 1023 1278 1080 γινώσκων
1309 1022 1516 1082 ἡμετέρην
1547 1023 1735 1079 δύναμιν.
2005 1020 2008 1022 μ

162 1109 377 1152 Nimirum
408 1121 581 1150 suarum
611 1109 768 1149 virium
798 1107 1040 1150 infirmitate
1071 1120 1116 1150 se
1146 1121 1195 1150 eo
1233 1108 1332 1149 duci
1361 1111 1484 1164 poeta
1520 1109 1731 1163 concedit,
1768 1112 1833 1163 ut,
1869 1109 1968 1151 licet
2004 1109 2177 1151 meliora
2213 1109 2444 1164 intellegat,
2486 1121 2586 1164 prae

162 1182 313 1223 timore
345 1179 530 1235 quodam
560 1180 810 1221 sententiam
841 1192 962 1221 suam
993 1180 1154 1234 aperire
1183 1192 1271 1221 non
1302 1179 1464 1221 audeat.
1528 1178 1766 1221 Collocatur
1801 1183 1943 1222 autem
1979 1181 2144 1235 negatio
2183 1180 2247 1222 uti
2283 1179 2396 1235 apud
2426 1178 2586 1235 Sopho-

163 1252 271 1294 clem
301 1252 348 1292 in
380 1250 480 1293 Oed.
502 1254 580 1304 tyr.
611 1263 650 1291 v.
668 1250 800 1291 1391:
833 1245 879 1290 τί
907 1249 953 1303 μ’
986 1247 1035 1291 οὐ
1065 1248 1209 1304 λαβὼν
1240 1245 1452 1302 ἔκτεινας,-

342 1345 414 1387 VI.
475 1344 622 1386 Edidit
653 1344 825 1400 quidem
854 1357 893 1385 v.
907 1345 994 1386 428
1025 1344 1253 1400 Bergkius:

829 1424 905 1469 καὶ
935 1428 1118 1469 κεῖσθαι
1148 1426 1316 1485 πολλὴν
1345 1434 1422 1485 γῆν
1452 1425 1807 1486 ἐπαμησάμενονῑ

163 1511 237 1553 sed
273 1515 384 1553 recte
414 1523 521 1552 num
552 1510 731 1553 ediderit
759 1511 848 1566 ipse
880 1510 1061 1552 dubitat:
1105 1511 1341 1553 insolenter
1370 1512 1484 1553 enim
1514 1511 1681 1553 dietum
1711 1524 1802 1553 esse
1832 1518 1907 1568 γῆν
1938 1509 2291 1569 ἐπαμησάμενονε
2335 1524 2443 1553 nam
2473 1509 2586 1553 alias

76 1601 84 1609 ·
163 1583 213 1624 de
243 1582 455 1638 coynatis,
488 1581 568 1637 qui
596 1585 822 1624 mortuum
852 1582 1081 1638 sepeliant,
1113 1582 1202 1624 dici
1230 1583 1361 1625 solere
1392 1579 1598 1636 ἀμᾶσθαι
1629 1589 1722 1639 γῆν,
1760 1582 1844 1625 vid.
1876 1583 2031 1625 Herod.
2078 1582 2193 1624 VIII
2220 1584 2296 1635 24,
2328 1582 2460 1624 Anth.
2492 1581 2584 1624 Pal.

174 1654 268 1695 VII
294 1655 353 1695 24
383 1656 423 1695 et
456 1654 562 1695 241:
592 1654 758 1708 plaeere
787 1654 918 1709 igitur
950 1653 1072 1695 Sexti
1102 1653 1324 1696 lectionem
1354 1655 1480 1709 γαῖαν
1511 1651 1801 1710 ἑφεσσάμενον
1829 1654 1919 1696 sive
1949 1660 2025 1711 γῆν
2054 1650 2382 1707 ἑπιεσσάμενον.
2438 1651 2587 1708 Itaque

163 1725 244 1767 hoc
274 1726 416 1780 ipsum
442 1724 656 1780 Zieglerus
687 1727 728 1766 et
758 1723 960 1766 Sitzlerus
993 1725 1098 1780 quin
1128 1728 1239 1766 recte
1263 1725 1494 1780 Theognidi
1518 1725 1777 1767 reddiderint
1801 1725 1998 1780 equidem
2022 1738 2108 1766 non
2135 1724 2292 1766 dubito.
2342 1723 2587 1766 Locutionis

165 1796 410 1851 exemplum
441 1808 542 1837 cum
564 1795 775 1851 Bergkius
806 1795 919 1850 apud
943 1795 1064 1837 Pind.
1090 1795 1210 1838 Nem.
1234 1796 1301 1848 11,
1329 1797 1382 1837 21
1415 1797 1726 1850 monstraverit,
1757 1795 1959 1838 Sitzlerus
1989 1799 2130 1838 autem
2164 1795 2368 1849 Hesychii
2403 1794 2586 1850 glossam

163 1867 428 1909 indicaverit:
463 1863 766 1908 ἐπιέσσασθαι
798 1873 891 1924 γῆν·
922 1873 1131 1924 ταφῆναι,
1165 1880 1241 1923 ego
1271 1868 1318 1909 in
1347 1871 1540 1923 prompto
1572 1867 1705 1909 habeo
1737 1867 1927 1909 eiusdem
1955 1867 2180 1909 locutionis
2205 1866 2450 1922 exemplum
2473 1865 2587 1921 apud

167 1939 440 1994 Apollonium
470 1937 687 1980 Rhodium
716 1937 739 1979 Ι
771 1938 874 1980 69οε
908 1935 1193 1994 ἐπερχόμενόν
1223 1952 1313 1980 που
1344 1934 1494 1993 ὀίομαι
1527 1934 1590 1988 εἰς
1620 1935 1715 1989 ἔτος
1745 1935 1825 1996 ἤδη
1856 1939 2021 1980 Γαῖαν
2052 1935 2389 1995 ἐφέσσεσθαι.

343 2033 439 2075 VII.
501 2032 667 2089 Repetit
696 2032 906 2088 Bergkius
936 2047 975 2075 v.
997 2034 1081 2075 515
1102 2046 1206 2089 seq:

1259 2115 1310 2174 ἢν
1340 2113 1389 2158 δέ
1418 2131 1487 2167 τις
1517 2112 1629 2173 ἔλθῃ

832 2192 907 2229 σεῦ
942 2183 1070 2244 φίλος
1100 2185 1176 2239 ὤν,
1216 2185 1439 2229 κατάκεισ’
1471 2187 1530 2238 ὡς
1560 2185 1793 2245 φιλότητος
1823 2182 1932 2240 ἔχεις

165 2284 212 2324 in
244 2286 391 2338 quarta
420 2282 653 2335 lyricorum
684 2281 866 2324 editione
895 2282 1011 2324 idem
1043 2283 1158 2338 quod
1189 2286 1463 2338 proposuerat
1491 2284 1538 2324 in
1563 2283 1709 2325 altera:
1741 2280 1977 2332 κατάκεισ’,
2010 2278 2046 2323 ὦ
2077 2280 2310 2340 φιλότης,
2342 2279 2444 2324 τότ’
2476 2277 2584 2337 ἐρῶ.

166 2353 360 2396 Habebat
376 2352 650 2395 Leutschium
681 2366 958 2408 assensorem,
988 2355 1072 2395 nisi
1103 2354 1218 2409 quod
1247 2355 1294 2395 in
1326 2357 1513 2396 extremo
1544 2358 1800 2410 pentametro
1831 2354 1900 2395 hic
1929 2352 2031 2395 τότ’
2063 2350 2196 2409 ἐρεῖς
2219 2353 2400 2396 scribere
2424 2352 2584 2395 maluit.

167 2424 258 2481 Ego
306 2437 477 2480 quoque
513 2425 622 2466 hanc
656 2437 880 2479 personam
914 2425 1229 2480 praeferendam
1267 2426 1479 2477 existimo,
1523 2429 1565 2467 at
1606 2427 1812 2467 intactum
1854 2425 2048 2480 relinquo
2092 2423 2151 2475 ὡς
2192 2422 2427 2482 φιλότητος
2463 2420 2584 2477 ἐγεις,

166 2497 213 2538 in
242 2495 371 2538 verbo
403 2493 625 2537 κατάκεισ’
656 2497 809 2537 vitium
838 2499 955 2538 ratus
985 2496 1124 2538 latere.
1186 2495 1375 2552 Corrigo:

1260 2578 1310 2636 ἢν
1340 2576 1388 2621 δέ
1417 2594 1486 2630 τις
1514 2575 1626 2636 ἔλθῃ

833 2655 907 2691 σεῦ
936 2646 1063 2706 φίλος
1093 2647 1170 2702 ὤν,
1204 2652 1439 2707 κατερεῖς
1469 2649 1528 2700 ὡς
1557 2648 1792 2708 φιλότητος
1822 2646 1945 2702 ἔχεις.

168 2732 303 2788 Magis
339 2734 469 2788 igitur
504 2734 650 2775 insisto
681 2733 915 2775 litterarum
944 2733 1193 2775 traditarum
1222 2735 1406 2790 vestigiis
1437 2733 1630 2788 Sitzlero,
1669 2734 1743 2788 qui
1777 2734 1823 2775 in
1860 2733 2036 2775 eandem
2073 2736 2199 2788 atque
2230 2745 2306 2788 ego
2337 2733 2586 2775 sententiam

170 2801 409 2860 κατάειφ’
449 2802 507 2854 ὡς
542 2804 770 2860 legendum
806 2805 978 2860 putavit.
1040 2804 1081 2846 N
1082 2817 1105 2846 e
1135 2806 1322 2846 amicum
1353 2805 1525 2860 quidem
1557 2804 1746 2846 Clearisti
1775 2804 1937 2846 nedum
1965 2805 2123 2860 ipsum,
2155 2805 2191 2846 si
2220 2803 2426 2859 profugus
2456 2803 2510 2845 ad
2540 2815 2585 2845 se

168 2876 325 2926 veniat,
353 2875 476 2916 domo
497 2888 574 2917 sua
599 2888 644 2917 se
663 2875 940 2917 exclusurum
959 2888 1048 2917 esse
1072 2879 1193 2931 poeta
1211 2877 1430 2931 promittit:
1462 2876 1544 2918 hoc
1568 2875 1708 2917 solum
1731 2879 1891 2927 monet,
1916 2888 1970 2917 ne
1994 2875 2065 2917 ille
2089 2876 2275 2916 amicum
2299 2874 2419 2929 celet,
2444 2874 2518 2916 sed
2536 2877 2586 2916 ut

168 2945 299 2988 libere
330 2947 502 3001 aperiat,
534 2946 657 3001 quale
682 2946 874 2988 futurum
899 2947 952 2988 sit
976 2946 1215 3002 hospitium.
1264 2947 1362 2988 Alia
1384 2945 1548 2988 Sitzleri
1574 2949 1810 2988 correctura
1835 2941 1944 3003 εἴρῃ,
1972 2960 2057 3001 qua
2086 2942 2198 3003 ἔλθῃ
2228 2947 2265 2988 is
2296 2945 2349 2987 de
2379 2945 2477 2987 sede
2508 2958 2586 2986 sua

170 3017 328 3068 turbat,
360 3030 436 3072 ego
469 3017 766 3059 abstinendum
796 3021 912 3059 ratus
942 3031 980 3058 v.
1003 3018 1086 3059 517
1119 3017 1325 3073 pluralem
1356 3015 1640 3075 ἀποθήσομ
1650 3031 1700 3058 εν
1729 3031 1804 3072 pro
1837 3015 2129 3075 ἀποθήσομαι
2148 3017 2217 3059 vel
2234 3019 2451 3072 propterea
2467 3027 2586 3071 prae-

170 3088 277 3142 fero,
310 3089 410 3143 quia
440 3089 565 3130 etiam
595 3089 640 3129 in
671 3088 798 3130 altero
831 3088 1124 3130 disiunctionis
1154 3088 1344 3131 membro
1375 3089 1582 3144 pluralem
1613 3084 1829 3142 οἰσόμεθα
1859 3090 2100 3130 invenimus
2130 3090 2392 3142 usurpatum.
2435 3086 2585 3142 Neque

171 3159 373 3214 probatur
401 3159 506 3200 mihi
538 3159 652 3214 quod
683 3160 729 3200 in
760 3162 947 3201 extremo
979 3159 1108 3201 huius
1137 3159 1221 3201 loci
1251 3159 1428 3201 disticho
1458 3159 1632 3215 legitur·

837 3241 949 3283 ὥσθ’
982 3238 1054 3283 ἕνα
1083 3239 1163 3295 μὲν
1194 3239 1328 3292 ξεῖνον
1357 3241 1583 3299 πατρώιον
1614 3239 1691 3284 οὐκ
1721 3238 2000 3295 ἀπολείπειν,

908 3308 1043 3362 ξείνια
1074 3309 1123 3353 δὲ
1150 3310 1377 3354 πλεόνεσσ’
1410 3310 1459 3355 οὐ
1490 3311 1668 3363 δυνατὸς
1697 3310 1919 3370 παρέχειν,
