2762 3762
1264 191 1558 232 -14—

379 319 474 375 Gap.
509 320 582 374 16,
612 319 642 360 1.
666 320 719 361 10
750 318 981 368 Teleclidae
1010 330 1183 366 versum

672 400 800 443 λάινα
830 396 965 458 τείχη,
997 399 1053 441 τὰ
1081 397 1161 454 μὲν
1192 397 1438 455 οἰκοδομεῖν
1445 434 1455 454 ,
1487 400 1543 443 τὰ
1574 398 1624 444 δὲ
1653 399 1763 444 αὐτὰ
1793 402 1932 446 πάλιν
1962 402 2250 459 καταβάλλειν

199 487 353 528 vitium
395 486 654 527 contraxisse
693 484 964 526 manifestum
1007 486 1085 525 est:
1130 487 1264 532 metro
1307 485 1521 529 consuluit
1555 485 1765 541 Bergkius
1802 487 2047 531 coniciendo
2085 486 2140 528 τὰ
2176 486 2214 529 δ’
2252 483 2438 531 ἔπειτα
2474 486 2615 531 πάλιν

200 555 503 610 καταβάλλεινε
543 556 669 597 aliam
699 556 904 597 rationem
933 555 1030 600 iniit
1058 553 1251 597 Kockius
1280 568 1464 611 eumque
1493 560 1661 601 secutus
1692 560 1755 599 est
1784 557 1991 601 Blassius:
2022 560 2060 602 is
2091 560 2206 601 enim
2236 557 2292 600 τὰ
2322 556 2373 600 δὲ
2398 557 2498 614 τ-ὂέμ
2506 573 2614 602 πα-

198 627 277 670 λιν
314 623 373 668 αὖ
410 624 698 681 καταβάλλειν
733 627 778 667 in
820 628 987 668 texum
1028 627 1196 682 recepit.
1257 625 1302 668 L.
1325 619 1412 681 36,
1442 626 1518 669 ubi
1558 628 1657 670 libri
1692 628 1894 683 praebent
1930 629 2107 671 ἅπαντα
2142 627 2222 684 μὲν
2258 625 2332 671 οὖν
2366 635 2502 672 ταῦτα
2537 637 2615 688 τῆς

197 695 478 754 Ἀναξαγόρου
517 693 694 753 σοφίας,
733 697 847 739 idem
885 696 1000 752 quod
1029 697 1214 753 Bergkio
1252 698 1299 739 in
1328 700 1514 740 mentem
1542 699 1690 741 incidit
1721 696 1991 755 ἀπᾴδοντα
2019 697 2098 754 μὲν
2140 696 2214 742 οὖν
2255 699 2344 743 κτλ.
2387 702 2413 743 1.
2445 714 2478 743 6.
2520 715 2614 744 ‘non

197 769 434 812 concinunt
463 769 564 811 haee
588 782 690 810 cum
707 768 993 823 Anaxayorae
1016 767 1236 824 sapientia
1259 769 1502 811 invenimus
1526 770 1652 812 etiam
1677 770 1790 825 apud
1807 770 2038 814 Blassium:
2072 769 2236 829 ἀφῆκεν
2261 785 2310 814 60
2331 773 2405 828 qui
2423 773 2616 828 sequitul¹

196 853 321 882 versu
349 841 436 881 iam
467 839 648 882 Cobetus
677 840 724 881 in
755 836 938 896 ἀνῆκεν
966 842 1211 881 mutaverat.

374 910 470 966 Cap.
494 912 566 965 18,
603 911 629 952 1.
652 912 725 953 12:
765 908 960 963 κατέχειν
997 907 1206 967 ἐπειρᾶτο
1243 907 1320 956 καὶ
1356 910 1685 967 παρακαλεῖν
1721 910 1767 953 ἑν
1796 914 1859 967 τῷ
1890 908 2012 970 δήμῳ
2043 911 2094 954 τὸ
2122 912 2489 972 μνημονευόμενον
2519 913 2610 957 κτλ.

195 983 403 1038 Bergkius
433 979 818 1038 παραστέλλειν
848 982 1072 1024 adnotavit.
1121 982 1242 1024 Idem
1272 995 1364 1038 cap.
1383 983 1456 1034 19,
1486 983 1513 1024 1.
1536 983 1610 1025 11:
1643 981 1912 1041 ἐθαυμάσθη
1944 980 1992 1025 δὲ
2022 981 2098 1026 καὶ
2128 981 2341 1043 διεβοήθη
2371 985 2486 1042 πρὸς
2514 984 2614 1036 τοὺς

196 1052 318 1104 ἐκτὸς
367 1051 632 1109 ἀνθρώπους
680 1052 981 1109 περιπλεύσας
1028 1051 1366 1111 Πελοπόννησον
1413 1057 1509 1109 post
1557 1051 1821 1111 ἀνθρώπους
1869 1055 2118 1098 adverbium
2163 1053 2355 1109 μάλιστα
2405 1056 2614 1100 excidisse

196 1126 430 1180 suspicatus
461 1128 532 1166 est.

373 1207 467 1263 Cap.
489 1209 564 1261 22,
595 1208 621 1249 1.
637 1209 710 1249 20:
744 1203 860 1249 ἔοικε
890 1206 927 1248 δ’
960 1207 1110 1264 ὥσπερ
1143 1207 1387 1264 συγγενικὸν
1418 1206 1535 1264 αὐτῷ
1564 1204 1936 1266 προστρίψασθαι
1967 1207 2135 1267 νόσημα
2165 1208 2241 1267 τὴν
2270 1205 2556 1267 φιλαργυρίαν
2585 1210 2613 1268 ἡ

195 1278 342 1336 φύσις,
375 1279 447 1336 ὑφ’
479 1274 529 1336 ἧς
558 1276 634 1320 καὶ
665 1276 793 1329 αὐτὸς
823 1274 1008 1336 αἰσχρῶς
1038 1276 1118 1320 ἐπὶ
1148 1280 1300 1329 κακοῖς
1330 1275 1471 1336 ἔργοις
1500 1278 1629 1330 ἁλοὺς
1660 1277 1837 1330 ἐξέπεσε
1860 1287 1936 1338 τῆς
1961 1278 2169 1339 Σπάρτης
2194 1280 2298 1323 duas
2323 1281 2612 1324 adnotationes

193 1353 239 1392 in
268 1350 442 1404 Bergkii
479 1351 710 1406 exemplari
746 1351 907 1392 inveni:
946 1363 1085 1406 neque
1123 1351 1237 1392 enim
1274 1348 1351 1392 καὶ
1389 1348 1519 1401 αὐτὸς
1548 1354 1661 1393 recte
1692 1364 1736 1394 se
1767 1352 1939 1406 habere,
1977 1352 2051 1394 sed
2082 1346 2205 1402 οὗτος
2234 1352 2303 1394 vel
2334 1349 2481 1403 αὐτοῖς
2510 1353 2621 1395 scri-·

193 1422 380 1464 bendum
415 1422 578 1477 putavit
614 1425 655 1463 et
693 1421 915 1463 ‘minime’
950 1420 1176 1465 Sintenesii
1205 1423 1492 1464 coniecturam
1523 1436 1548 1464 a
1578 1422 1742 1465 Blassio
1773 1424 1819 1465 in
1851 1423 2042 1465 ordinem
2071 1426 2282 1479 receptam
2312 1423 2610 1479 comprobavit.

370 1493 424 1535 In
454 1496 641 1535 extremo
673 1495 806 1548 capite
832 1494 907 1535 23:
952 1490 1028 1534 καὶ
1059 1490 1317 1535 Χαλκιδέων
1351 1490 1431 1547 μὲν
1466 1492 1566 1544 τοὺς
1604 1489 1857 1549 ἱπποβότας
1892 1491 2142 1550 λεγομένους
2177 1493 2355 1550 πλούτῳ
2390 1492 2466 1536 καὶ
2509 1492 2612 1553 δόξῃ

194 1562 478 1622 διαφέροντας
508 1561 719 1618 ἐξέβαλεν,
749 1561 983 1614 Ἑστιαιεῖς
1013 1563 1061 1605 δὲ
1089 1562 1263 1615 πάντας
1294 1561 1540 1622 ἀναστήσας
1570 1562 1619 1606 ἐκ
1648 1571 1725 1622 τῆς
1751 1564 1892 1622 χώρας
1920 1561 2184 1623 Ἀθηναίους
2212 1564 2369 1619 μόνους
2391 1562 2610 1622 κατῴκισε

192 1636 444 1697 adiectivum
474 1634 629 1689 μόνους
659 1636 711 1678 de
741 1636 834 1678 loco
866 1648 944 1678 suo
974 1639 1139 1678 motum
1170 1649 1260 1678 esse
1290 1639 1406 1678 ratus
1435 1639 1530 1692 post
1560 1633 1846 1693 διαφέροντας
1875 1638 2063 1679 inseruit.
2126 1636 2289 1679 Similia
2318 1638 2421 1680 vitia

369 1721 417 1761 in
453 1732 539 1775 cap.
567 1720 621 1760 26
661 1722 702 1761 et
739 1719 793 1761 27
834 1720 1022 1775 agnovit:
1066 1719 1190 1762 video
1228 1720 1342 1761 enim
1378 1720 1566 1775 primum
1602 1719 1851 1762 adverbium
1886 1717 2099 1775 πρότερον
2135 1719 2160 1760 l.
2184 1720 2238 1761 20
2277 1721 2399 1762 uncis
2431 1721 2611 1762 circum-

194 1791 376 1845 clusum,
407 1794 550 1846 postea
581 1794 723 1834 autem
752 1791 778 1832 1.
800 1791 855 1832 22
887 1793 982 1846 post
1013 1788 1229 1844 σάμαιναν
1258 1791 1482 1832 insertum:
1517 1790 1668 1832 deinde
1698 1791 1745 1833 in
1773 1792 1894 1833 initio
1921 1791 2067 1847 capitis
2091 1791 2352 1845 insequentis
2376 1789 2454 1848 τὴν
2477 1789 2612 1833 πόλιν

192 1863 218 1904 l.
240 1863 264 1903 6
305 1865 400 1904 ante
436 1859 692 1915 βουλόμενος
728 1862 902 1915 exemit,
939 1864 1032 1917 post
1068 1857 1352 1917 περιετείχιζε
1387 1861 1414 1902 1.
1435 1863 1463 1903 4
1499 1862 1703 1917 reposuit:
1744 1861 1924 1917 denique
1962 1863 2134 1917 optime,
2171 1862 2208 1903 si
2248 1861 2352 1917 quid
2386 1861 2528 1917 video,
2564 1863 2611 1905 in

192 1934 276 1976 fine
307 1933 496 1975 eiusdem
521 1934 665 1988 capitis
689 1933 818 1975 verba
833 1931 994 1989 χαλκῆν
1019 1964 1029 1974 .
1057 1964 1067 1974 .
1095 1964 1105 1973 .
1133 1964 1144 1974 .
1170 1937 1256 1973 τῶν
1275 1930 1446 1974 ἄνωθεν
1464 1932 1608 1975 sedem
1625 1935 1789 1975 mutare
1806 1933 1946 1987 iussit,
1977 1945 2076 1975 cum
2095 1933 2276 1988 scripsit:
2310 1931 2385 1974 τὸν
2404 1931 2442 1974 δ’
2461 1930 2610 1990 Ἀρτέ-

192 2003 315 2059 μωνά
346 2018 456 2063 φησι
487 2002 695 2061 τρυφερόν
723 2019 821 2046 τινα
852 2006 914 2060 τῷ
943 2000 1027 2060 βίῳ
1058 2002 1133 2045 καὶ
1165 2003 1278 2060 πρὸς
1308 2003 1407 2054 τοὺς
1436 2002 1600 2061 φόβους
1629 2002 1825 2057 μαλακὸν
1854 1999 1956 2045 ὅντα
1986 2001 2063 2045 καὶ
2093 2002 2354 2061 καταπλῆγα
2383 2003 2439 2045 τὰ
2463 2003 2610 2046 πολλὰ
2647 2045 2652 2048 ,

192 2074 270 2131 μὲν
313 2071 427 2118 οἴκοι
470 2073 766 2127 καθέζεσθαι·
811 2071 850 2117 εἰ
892 2073 941 2117 δὲ
982 2071 1194 2133 βιασθείη
1237 2074 1476 2132 προελθεῖν
1519 2072 1563 2116 ἓν
1605 2071 1801 2130 κλινιδίῳ
1837 2076 2067 2132 κρεμαστῷ
2101 2074 2226 2132 παρὰ
2262 2074 2338 2132 τὴν
2373 2081 2449 2133 γῆν
2479 2073 2611 2134 αὐτὴν

194 2146 553 2205 παραφερόμενον
600 2143 863 2201 κομίζεσθαι
909 2146 1099 2204 χαλκῆν
1143 2142 1345 2188 ἀσπίδα
1387 2153 1475 2204 τῆς
1516 2146 1742 2203 κεφαλῆς
1781 2143 1942 2188 αὐτοῦ
1983 2145 2122 2188 δυεῖν
2164 2142 2379 2188 οἰκετῶν
2420 2145 2609 2203 ὑπερε-

191 2218 398 2272 χόντων,
432 2219 561 2260 ὥστε
590 2215 749 2277 μηδὲν
780 2216 1028 2272 ἐμπεσεῖν
1057 2223 1154 2259 τῶν
1185 2216 1386 2260 ἄνωθεν
1415 2215 1491 2260 καὶ
1516 2217 1592 2259 διὰ
1615 2223 1740 2260 τοῦτο
1760 2216 1977 2275 κληθῆναι
1995 2216 2310 2276 Περιφόρητον.
2354 2218 2427 2260 An
2451 2213 2611 2268 αὖθις

194 2291 321 2333 scribi
353 2293 538 2346 oporteat
569 2304 602 2331 c.
624 2291 692 2345 27,
722 2290 749 2331 1.
770 2291 798 2332 4
828 2303 904 2346 pro
937 2287 1084 2341 εὐθύς,
1117 2289 1326 2345 Bergkius
1358 2289 1531 2343 dubitat,
1564 2287 1931 2339 ἀναπλεύσαντος
1960 2302 2036 2344 pro
2068 2287 2334 2339 πλεύσαντος
2357 2302 2391 2330 6.
2413 2289 2482 2344 26,
2507 2289 2533 2331 1.
2551 2290 2605 2331 11

194 2376 290 2404 011111
322 2361 476 2404 Cobeto
508 2362 780 2404 scribendum
809 2375 884 2416 pro
917 2364 1029 2403 certo
1060 2361 1202 2403 habet:
1234 2359 1442 2414 λαχόντι
1473 2360 1644 2403 adnotat
1674 2373 1707 2402 c.
1730 2360 1803 2414 26,
1834 2359 1860 2402 1.
1883 2362 1908 2402 9
1939 2373 2016 2416 pro
2048 2358 2238 2414 λαβόντι.

369 2425 547 2475 Duobus
577 2433 833 2487 Thucydidis
863 2433 967 2474 locis
991 2433 1014 2474 I
1036 2433 1088 2475 10
1111 2436 1151 2475 et
1169 2433 1191 2474 I
1211 2433 1265 2474 21
1292 2446 1395 2475 usus
1428 2445 1535 2488 quae
1565 2433 1626 2474 sic
1655 2431 1879 2474 traduntur
1908 2433 1954 2473 in
1983 2432 2104 2474 libris
2135 2431 2394 2473 Plutarcheis
2426 2444 2513 2487 cap.
2538 2433 2606 2486 28,

194 2506 218 2545 1.
242 2507 294 2546 12
327 2518 458 2559 seqq.:
500 2505 656 2560 Δοῦρις
691 2501 770 2557 μὲν
807 2499 881 2545 οὖν
918 2501 1006 2545 οὐδ’
1045 2502 1160 2546 ὅπου
1195 2501 1330 2562 μηδὲν
1367 2501 1485 2559 αὐτῷ
1519 2501 1756 2559 πρόσεστιν
1790 2497 1905 2544 ἰ’διον
1942 2501 2099 2553 πάθος
2128 2498 2301 2553 εἰωθὼς
2330 2503 2502 2558 κρατεῖν
2530 2501 2608 2559 τὴν

195 2575 391 2634 διήγησιν
435 2573 513 2617 ἐπὶ
555 2582 630 2632 τῆς
673 2571 886 2633 ἀληθείας
927 2574 1091 2629 μᾶλλον
1133 2570 1272 2617 ἔοικεν
1315 2572 1505 2616 ἐνταῦθα
1548 2572 1751 2615 δεινῶσαι
1794 2573 1872 2624 τὰς
1907 2581 1983 2631 τῆς
2019 2569 2233 2630 πατρίδος
2268 2572 2494 2630 συμφορὰς
2529 2570 2609 2615 ἐπὶ

195 2645 376 2704 διαβολῇ
406 2652 491 2688 τῶν
507 2643 772 2704 Ἀθηναίων,
805 2659 854 2688 ea
872 2646 1081 2702 Bergkius
1105 2648 1164 2688 ita
1186 2646 1390 2688 mutanda
1414 2647 1592 2699 censuit,
1623 2648 1672 2687 ut
1694 2645 1957 2687 rescriberet:
1979 2677 1989 2687 .
2008 2677 2018 2687 .
2037 2677 2047 2687 .
2067 2646 2280 2698 κοσμεῖν
2310 2644 2386 2702 τὴν
2412 2643 2609 2703 διήγησιν

195 2716 285 2760 ἐπὶ
327 2718 382 2760 τὸ
428 2716 587 2760 πλέον
628 2719 697 2760 vel
740 2715 830 2759 ἐπὶ
872 2715 1036 2774 βλάβῃ
1079 2723 1155 2774 τῆς
1198 2713 1423 2775 ἀληθείας.
1493 2716 1785 2759 Coniecturam
1828 2716 1882 2758 ad
1923 2716 2167 2759 Archilochi
2209 2715 2399 2758 iambum
2436 2716 2502 2770 (fr.
2531 2716 2607 2769 31)

195 2790 429 2832 sanandum
465 2791 509 2831 in
549 2793 695 2845 quarta
730 2790 962 2843 lyricorum
999 2789 1182 2831 editione
1219 2790 1492 2845 propositam:
1531 2786 1596 2828 Σὺ
1633 2785 1726 2829 κᾶν
1761 2786 1936 2844 μύροισι
1974 2792 2103 2844 γραῦς
2139 2785 2250 2829 ἑοῦσ’
2282 2783 2492 2844 ἠλείφεο
2521 2787 2608 2829 iam

195 2865 315 2903 antea
345 2860 554 2916 Bergkius
584 2861 631 2902 in
660 2861 850 2916 margine
881 2860 906 2901 1.
929 2861 984 2902 29
1016 2860 1332 2916 significaverat.

373 2943 468 2999 Cap.
490 2946 565 2998 29,
595 2944 621 2986 1.
647 2945 699 2986 12
732 2945 793 2986 sic
823 2943 1131 2986 restituendum
1160 2944 1339 2999 putavit:
1372 2939 1449 2984 καὶ
1480 2940 1589 2992 ὅλως
1619 2938 1800 2984 διετέλει
1832 2940 2039 2994 κολούων,
2072 2940 2131 2992 ὡς
2159 2938 2270 2999 μηδὲ
2300 2941 2393 2990 τοῖς
2422 2937 2607 2994 ὀνόμασι

196 3010 433 3073 γνησίων,
473 3013 565 3056 ἀλλ’
597 3010 818 3057 ὀθνείων
848 3011 924 3056 καὶ
956 3011 1107 3065 ξένων
1144 3015 1239 3070 (pro
1271 3014 1538 3067 accusativis)
1572 3011 1672 3069 [ὅτι]
1704 3021 1790 3054 τῶν
1819 3009 2021 3067 Κίμωνος
2051 3008 2171 3064 υἱῶν,
2209 3013 2272 3067 τῷ
2299 3008 2379 3065 μὲν
2403 3010 2514 3068 (γὰρ
2538 3011 2608 3054 vel

197 3087 276 3129 ὅτι
307 3087 389 3142 τῷ)
420 3083 469 3143 ἦν
500 3084 855 3140 Λακεδαιμόνιος
884 3082 1036 3139 ὄνομα,
1069 3086 1132 3141 τῷ
1163 3082 1211 3126 δὲ
1246 3083 1482 3136 Θεσσαλός,
1515 3085 1578 3140 τῷ
1609 3081 1656 3125 δὲ
1685 3079 1867 3134 Ἠλεῖος.
1931 3082 2055 3134 Quod
2084 3086 2226 3126 narrat
2255 3082 2505 3125 Plutarchus

373 3183 458 3225 cap.
482 3171 555 3223 30,
587 3170 613 3210 1.
627 3171 655 3210 4
687 3166 828 3211 εἰπεῖν
853 3167 1087 3226 Πολυάλκη
1119 3193 1175 3199 -
1207 3168 1284 3210 ubi
1307 3168 1518 3224 Bergkius
1547 3167 1771 3210 lectionem
1803 3167 1893 3209 cod.
1924 3169 1977 3208 Α
2003 3164 2262 3223 Πολυάλκην
2291 3165 2458 3208 videtur
2486 3177 2606 3221 prae-

198 3242 341 3289 tulisse
374 3267 429 3271 —
461 3246 547 3282 τῶν
582 3237 808 3297 πρέσβεων
844 3239 942 3282 τινὰ
974 3240 1061 3294 (vel
1097 3241 1238 3295 potius
1275 3235 1367 3291 ἕνα,
1406 3238 1618 3294 siquidem
1653 3238 1862 3293 Bergkius
1898 3239 1945 3280 111
1981 3238 2127 3280 eadem
2164 3251 2248 3293 qua
2286 3235 2467 3279 Cobetus
2502 3248 2607 3278 voce

199 3312 387 3367 offendit)
419 3311 863 3358 Lacedaemoniorum:
911 3310 963 3352 σὺ
994 3307 1042 3352 δὲ
1071 3310 1131 3367 μὴ
1163 3307 1371 3367 καθέλῃς,
1410 3307 1519 3350 ἀλλά
1551 3305 1741 3366 στρέψον
1771 3304 1873 3351 εἴσω
1904 3308 1954 3351 τὸ
1985 3306 2210 3360 πινάκιον,
2242 3308 2323 3350 1100
2353 3307 2406 3349 ad
2435 3307 2607 3362 linguae
