2762 3762
1189 225 1481 264 —15—

128 350 360 395 Laconicae
401 354 596 392 normam
639 350 923 393 sollertissime
965 353 1027 394 sic
1069 352 1361 407 conformavit,
1402 356 1451 395 ut
1485 353 1672 408 legatum
1709 352 1916 395 dicentem
1951 353 2092 396 faciat:
2136 352 2194 394 σὺ
2224 351 2266 394 δ’
2299 348 2357 394 αἴ
2382 368 2444 395 κα
2472 354 2538 411 μή

127 421 374 466 καθελεῖν
402 419 490 479 λῇς
518 419 610 463 κτλ,

305 503 402 561 Oa'p.
424 505 499 559 31,
529 503 555 546 l.
579 505 633 545 12
665 508 742 559 pro
773 503 873 554 τοὺς
901 501 980 558 μέν
1011 503 1068 546 δι’
1100 502 1229 547 αὐτὸν
1260 501 1377 558 ἔσχεν
1406 500 1588 563 ἐχθροὺς
1616 507 1774 549 mavolt
1802 505 2028 557 πολλοὺς
2056 502 2136 561 μὲν
2166 506 2364 562 scribere,
2400 512 2539 562 neque

127 567 355 626 Γλύκωνος
402 579 561 618 nomen
604 574 650 630 (1.
686 572 763 629 33)
805 576 1047 631 incorrupte
1089 576 1307 631 traditum,
1355 576 1431 619 sed
1473 580 1547 619 aut
1587 575 1842 628 Γλαύκωνος
1883 580 1956 620 aut
1995 576 2206 628 Λύκωνος
2247 577 2539 633 ‘reponendum

127 652 218 690 esse
247 650 398 690 censet.

306 729 402 786 Cap.
425 729 499 784 32,
529 728 556 771 1.
583 729 605 770 7
639 730 687 770 in
716 728 858 770 verbis
890 725 947 770 δι’
971 723 1258 786 Ἀναξαγόρου
1282 728 1358 788 τὴν
1382 728 1594 772 ὑπόνοιαν
1619 723 1833 773 offendens
1857 720 2066 787 Bergkius
2091 726 2292 773 εἰένοιαν
2316 727 2537 773 adnotavit.

126 800 293 844 Ibidem
322 801 349 843 l.
371 801 425 842 15
459 800 670 842 distinxit:
700 794 950 841 Ἀσπασίαν
978 797 1057 854 μὲν
1088 796 1161 842 οὖν
1191 798 1442 858 ἐξῃτήσατο,
1473 800 1619 843 πολλὰ
1648 800 1767 843 πάνυ
1796 801 1939 858 παρὰ
1969 802 2045 859 τὴν
2070 798 2212 860 δίκην,
2246 801 2304 852 ὡς
2325 798 2540 860 Αἰσχίνης

126 868 276 931 φησίν,
321 868 448 929 ἀφεὶς
489 867 601 927 ὑπὲρ
639 868 770 928 αὐτῆς
811 868 976 927 δάκρυα
1019 868 1095 912 καὶ
1138 869 1314 929 δεηθεὶς
1349 876 1434 913 τῶν
1471 870 1704 914 δικαστῶν;
1750 872 1947 914 dubitans
1984 874 2110 914 etiam
2147 873 2199 914 de
2234 874 2539 928 praepositione

124 942 250 999 παρὰ
290 944 338 984 in
373 941 505 985 κατὰ
546 941 750 984 mutanda
792 942 1005 997 cogitavit:
1057 955 1106 983 ea
1142 945 1281 984 autem
1320 956 1427 998 quae
1465 946 1700 998 sequuntur
1734 943 1760 984 l.
1783 944 1856 985 17:
1905 938 2191 999 Ἀναξαγόραν
2233 941 2281 984 δὲ
2323 941 2539 1002 φοβηθεὶς

125 1011 349 1068 ἐξέπεμψε
385 1010 461 1055 καὶ
491 1009 786 1070 προύπεμψεν
817 1009 865 1054 ἐκ
895 1018 971 1069 τῆς
999 1011 1182 1063 πόλεως.
1242 1009 1316 1063 Ὡς
1346 1011 1395 1054 δέ
1425 1011 1500 1054 διὰ
1534 1010 1711 1055 Φειδίου
1741 1011 2046 1070 προσέπταισε
2076 1015 2140 1069 τῷ
2170 1013 2291 1071 δήμῳ
2322 1012 2539 1072 φοβηθεὶς

125 1083 176 1127 τὸ
213 1083 492 1142 δικαστήριον
526 1081 739 1138 μέλλοντα
774 1082 849 1125 τὸν
885 1082 1080 1137 πόλεμον
1115 1081 1191 1125 καὶ
1227 1082 1554 1141 ὑποτυφόμενον
1590 1082 1829 1137 ἐξέκαυσεν,
1869 1081 2056 1136 ἐλπίζων
2091 1084 2183 1126 κτλ.
2222 1098 2320 1127 011111
2358 1084 2538 1128 Cobetus

121 1157 172 1198 in
208 1156 421 1211 integrum
456 1157 516 1198 ita
550 1154 808 1197 restituenda
842 1158 976 1210 putet,
1020 1158 1069 1197 ut
1104 1155 1357 1197 rescribatur
1392 1153 1609 1213 φοβηθεὶς
1644 1153 1955 1213 ὑπεξέπεμψεν
1985 1153 2033 1197 ἐκ
2062 1162 2138 1212 τῆς
2166 1154 2355 1207 πόλεως,
2401 1160 2538 1199 cetera

123 1228 280 1270 intacta
319 1227 631 1282 relinquantur,
672 1226 882 1281 Bergkius
924 1226 1064 1268 verbis
1107 1223 1323 1284 φοβηθεὶς
1364 1226 1414 1268 τὸ
1457 1225 1733 1283 δικαστήριον
1776 1227 1903 1269 altero
1946 1227 2039 1269 loco
2078 1226 2283 1268 damnatis
2326 1240 2452 1282 supra
2487 1226 2537 1268 τὸ

125 1296 404 1355 δικαστήριον
434 1300 531 1339 ante
562 1294 786 1353 ἐξέπεμψε
817 1296 1084 1351 desideravit,
1114 1297 1244 1339 verba
1274 1295 1349 1338 καὶ
1380 1294 1676 1354 προύπεμψεν
1707 1298 1901 1340 cancellis
1932 1297 2216 1339 circumdedit.
2277 1297 2392 1340 Vitio
2423 1298 2537 1340 labo-

122 1382 216 1412 rare
245 1369 468 1411 videbatur
495 1368 611 1410 idem
640 1368 820 1410 verbum
850 1369 975 1410 etiam

301 1465 388 1507 cap.
411 1453 485 1506 33,
514 1451 540 1493 1.
563 1452 607 1493 5:
640 1450 666 1508 ἡ
698 1447 746 1492 δὲ
775 1451 910 1507 πεῖρα
941 1447 1153 1508 περιέστη
1183 1452 1294 1501 τοῖς
1323 1449 1600 1508 πέμψασιν
1630 1447 1693 1501 εἰς
1722 1447 1983 1502 τούναντίον,
2018 1451 2132 1506 quod
2155 1452 2307 1493 vitium
2327 1452 2536 1506 quomodo

123 1523 359 1566 sanandum
389 1526 513 1577 esset,
551 1535 650 1564 cum
679 1522 725 1563 id
757 1522 872 1577 quod
902 1535 1026 1577 supra
1057 1522 1215 1577 legerat
1243 1520 1293 1563 τὸ
1325 1519 1426 1577 ἄγος
1457 1520 1646 1564 ἐλαύνειν
1675 1526 1907 1564 monstrare
1937 1522 2167 1576 videretur,
2198 1523 2308 1572 τοῖς
2337 1520 2535 1564 ἀπελά-

123 1606 276 1636 σασιν
303 1594 531 1650 proposuit.
583 1592 719 1635 Paulo
749 1593 859 1634 infra
888 1593 916 1634 l.
939 1593 992 1634 19
1025 1593 1242 1635 numerale
1272 1592 1372 1643 τοὺς
1401 1589 1727 1650 ἑξακισμυρίους
1754 1594 1973 1648 vitiosum,
2003 1593 2374 1648 redintegrandum
2399 1597 2536 1635 autem

123 1677 214 1708 esse
244 1659 629 1717 ἑξακισχιλίους
658 1664 766 1706 vidit
797 1665 922 1706 etiam
955 1663 1153 1706 Cobetus:
1186 1677 1324 1719 neque
1354 1665 1496 1706 minus
1527 1665 1804 1720 compositum
1835 1661 2069 1720 ἀνέγραφεν

294 1761 386 1803 cap.
409 1749 483 1802 34,
513 1747 540 1789 1.
563 1748 589 1789 8
621 1747 803 1803 simplici
832 1747 962 1789 verbo
995 1747 1140 1789 cedere
1173 1746 1324 1788 debere
1353 1750 1532 1802 uterque
1565 1747 1713 1789 doctus
1742 1750 1854 1789 recte
1886 1747 2139 1789 observavit:
2182 1750 2293 1802 post,
2329 1746 2450 1801 1.14,
2482 1760 2536 1789 ex

123 1819 339 1862 codicibus
375 1817 522 1860 πολλὰ
556 1815 637 1872 μὲν
673 1816 856 1874 δρῶντες
893 1817 1024 1859 κατὰ
1055 1824 1144 1874 γῆν
1173 1817 1289 1859 κακὰ
1320 1817 1419 1867 τοὺς
1446 1814 1724 1876 Ἀθηναίους,
1764 1818 1915 1860 deinde
1944 1818 1971 1859 1.
1993 1818 2046 1859 21
2081 1813 2154 1867 εἶς
2184 1813 2332 1873 ἰατρὸν
2362 1821 2403 1859 et
2432 1818 2535 1860 124

122 1887 425 1946 ἀπεργάζεται
450 1889 692 1944 recipienda
717 1902 807 1931 esse
831 1891 1009 1943 notavit,
1035 1890 1386 1944 praepositionem
1415 1892 1557 1931 autem
1581 1890 1627 1930 in
1651 1889 1781 1931 verbo
1809 1885 2170 1937 ἀναπεισθέντες
2195 1888 2415 1930 delendam
2446 1902 2535 1931 esse

119 1965 169 2004 ut
199 1960 405 2004 Cobetum
433 1961 493 2002 ita
521 1960 755 2015 Bergkium
783 1973 872 2002 non
902 1960 1019 2016 fugit.

299 2043 394 2099 Cap.
423 2044 478 2085 36
515 2044 562 2085 in
597 2044 735 2085 initio:
780 2042 835 2084 τὰ
877 2040 956 2097 μὲν
1000 2038 1074 2085 οὖν
1116 2040 1305 2101 δημόσια
1341 2040 1501 2095 ταχέως
1537 2038 1685 2096 ἔμελλε
1720 2041 1978 2084 παύσεσθαι
2014 2040 2225 2098 καθάπερ
2262 2039 2436 2098 κέντρον
2473 2039 2534 2092 εἰς

119 2120 270 2158 τοῦτον
312 2115 403 2169 ἅμα
445 2113 594 2172 πληγῐ
636 2113 710 2156 τὸν
751 2113 895 2168 θυμὸν
939 2112 1183 2171 ἀφεικότων
1225 2119 1309 2154 τῶν
1350 2112 1526 2155 πολλῶν
1561 2128 1586 2155 a
1620 2114 1791 2155 librario
1829 2117 1924 2155 ante
1961 2111 2172 2169 καθάπερ
2210 2113 2262 2155 ob
2299 2113 2533 2155 litterarum

120 2186 440 2229 similitudinem
476 2184 609 2227 κακὰ
647 2186 850 2228 omissum
886 2198 974 2227 non
1011 2186 1102 2227 sine
1149 2198 1276 2226 causa
1313 2186 1506 2226 coniecit:
1549 2186 1732 2227 haesisse
1768 2197 1812 2226 se
1849 2185 1974 2226 etiam
2016 2186 2062 2225 in
2098 2180 2161 2233 εἰς
2196 2189 2346 2225 τοῦτον
2390 2188 2531 2226 notato

119 2257 325 2300 vocabulo
355 2256 567 2312 Bergkius
597 2256 809 2298 indicavit.
859 2256 1023 2298 Ibidem
1057 2256 1171 2311 quod
1201 2255 1389 2298 Blassius
1421 2269 1443 2297 e
1475 2257 1715 2297 coniectura
1746 2255 1861 2297 dedit
1889 2255 1915 2296 l.
1939 2256 1983 2297 5:
2017 2254 2040 2296 ὁ
2071 2254 2150 2312 γὰρ
2180 2253 2533 2312 πρεσβύτερος

120 2325 260 2370 αὐτῶν
294 2333 380 2369 τῶν
415 2323 599 2385 γνησίων
634 2322 738 2368 υἱῶν
772 2340 847 2383 pro
885 2328 1155 2383 superlativo,
1191 2327 1272 2369 hoc
1318 2328 1443 2368 etiam
1478 2326 1688 2382 Bergkius
1724 2326 1953 2381 adscripsit.
2019 2325 2190 2368 Notavit
2225 2326 2251 2367 l.
2280 2327 2304 2367 9
2342 2322 2529 2383 γλίσχρα,

121 2399 236 2455 quod
269 2401 317 2441 in
352 2395 558 2455 γλίσχρως
593 2399 774 2440 mutavit
806 2397 1004 2452 Cobetus,
1041 2399 1223 2440 correxit
1252 2398 1277 2438 l.
1301 2398 1354 2438 15
1393 2396 1492 2447 τοὺς
1521 2395 1687 2452 λόγους,
1727 2392 1799 2447 οὓς
1829 2394 2064 2438 ἐποιεῖτο
2097 2398 2191 2452 (pro
2224 2393 2388 2451 ἐποίει)
2419 2397 2530 2450 μετὰ

119 2478 206 2512 τῶν
239 2478 476 2527 σοφιστῶν,
509 2473 559 2511 ut
589 2469 703 2511 idem
731 2469 803 2511 ille
832 2471 1078 2523 rectissime,
1110 2470 1317 2524 expunxit
1341 2469 1436 2509 1.12
1464 2467 1487 2510 ὁ
1512 2466 1787 2518 Ξάνθιππος
1810 2471 1859 2510 ut
1881 2468 2089 2523 glossema
2111 2471 2205 2523 post
2228 2467 2278 2509 τὸ
2304 2465 2352 2509 δὲ
2375 2466 2527 2525 μειρά-

119 2557 216 2584 κιον
245 2543 336 2584 sine
367 2542 559 2597 exemplo
594 2541 777 2583 hominis
806 2540 965 2582 Batavi.

295 2612 535 2668 Madvigius
581 2611 694 2667 quod
738 2624 823 2666 cap.
846 2612 920 2666 37,
957 2611 1057 2653 1.11
1098 2613 1144 2653 in
1180 2612 1319 2653 verbis
1360 2609 1418 2660 ὡς
1456 2610 1517 2667 μὴ
1553 2608 1842 2651 παντάπασιν
1880 2606 2035 2667 ἐρημίᾳ
2073 2608 2273 2666 διαδοχῆς
2308 2609 2382 2651 τὸν
2413 2603 2532 2652 οἶκον

119 2680 295 2726 ἐκλίποι
337 2681 523 2737 τοῦνομα
566 2680 641 2724 καὶ
683 2681 733 2723 τὸ
776 2678 895 2737 γένος
937 2684 1059 2724 uncis
1097 2682 1369 2738 saepiendum
1406 2683 1536 2723 suasit
1571 2680 1645 2722 τὸν
1682 2674 1817 2732 οἶκον,
1861 2681 1940 2722 hac
1975 2693 2021 2722 re
2056 2680 2199 2721 locum
2237 2682 2374 2722 sanari
2409 2694 2531 2736 posse

120 2768 376 2810 quamquam
405 2754 615 2809 Bergkius
655 2765 823 2809 quoque
860 2753 1084 2808 intellexit,
1121 2757 1262 2795 tamen
1298 2766 1385 2794 non
1422 2753 1565 2794 minus
1600 2755 1711 2794 recte
1747 2749 1871 2808 περὶ
1909 2750 1983 2792 τὸν
2019 2743 2138 2792 οἶκον
2167 2751 2236 2792 vel
2266 2756 2355 2791 τοῦ
2385 2746 2529 2792 οἴκου

119 2825 245 2867 scribi
280 2838 402 2881 posse
442 2824 666 2866 arbitratus
704 2828 775 2865 est.
836 2823 1102 2866 Adverbium
1140 2822 1274 2877 ὅμως
1310 2824 1473 2878 putavit
1510 2822 1714 2864 excidisse
1753 2825 1847 2864 ante
1884 2821 1911 2879 ἡ
1946 2827 2150 2878 παροῦσα
2181 2818 2382 2874 δυστυχία
2412 2822 2528 2873 124,

116 2896 261 2938 locum
290 2899 454 2938 mutare
484 2896 607 2937 iussit
634 2895 764 2937 verba
795 2889 1004 2947 σχολαίως
1034 2892 1110 2936 καὶ

295 2991 381 3034 cap.
404 2979 477 3032 38,
514 2978 540 3018 l.
561 2979 608 3018 4:
642 2978 796 3033 optime
827 2979 968 3019 autem
996 2977 1294 3031 redintegravit
1322 2975 1452 3018 finem
1483 2976 1672 3018 eiusdem
1704 2976 1849 3031 capitis
1879 2976 1995 3016 hunc
2024 2976 2071 3016 in
2100 2974 2277 3016 modum
2307 2975 2524 3017 traditum:

117 3048 141 3091 ὁ
173 3047 221 3091 δὲ
249 3054 390 3090 πᾶσιν
421 3046 616 3103 ἐτύγχανε
646 3047 720 3089 τὸν
749 3053 845 3089 νοῦν
874 3046 1181 3104 προσεσχηκὼς
1210 3044 1286 3088 καὶ
1317 3044 1613 3103 φθεγξάμενος
1645 3042 1708 3096 εἰς
1737 3043 1871 3099 μέσον
1897 3041 1980 3102 ἔφη
2006 3043 2265 3098 θαυμάζειν,
2299 3044 2366 3086 ὅτι
2392 3051 2526 3086 ταῦτα

116 3117 195 3174 μὲν
232 3117 487 3161 ἐπαινοῦσιν
523 3116 654 3160 αὐτοῦ
688 3116 764 3160 καὶ
794 3117 1145 3176 μνημονεύουσιν,
1186 3113 1215 3158 ἃ
1245 3115 1320 3159 καὶ
1351 3116 1464 3173 πρὸς
1492 3115 1618 3175 τύχην
1649 3114 1742 3158 ἐστὶ
1774 3115 1898 3158 κοινὰ
1929 3113 2006 3158 καὶ
2037 3113 2203 3172 γέγονεν
2234 3114 2314 3173 ἤδη
2346 3115 2527 3165 πολλοῖς

117 3191 382 3248 στρατηγοῖς,
404 3188 453 3231 τὸ
472 3187 520 3231 δέ
539 3187 769 3231 κάλλιστον
786 3187 862 3231 καὶ
880 3186 1083 3245 μέγιστον
1102 3187 1150 3231 οὐ
1169 3185 1374 3244 λέγουσιν.
1406 3186 1589 3240 ,,Ούδεὶς
1607 3186 1705 3244 γάρ,
1727 3183 1830 3245 ἔφη,
1852 3183 1910 3228 δι’
1932 3184 2008 3240 ἐμὲ
2026 3191 2112 3228 τῶν
2130 3182 2264 3228 ὄντων
2280 3182 2527 3244 Ἀθηναίων

115 3258 251 3315 με’λαν
288 3256 461 3315 ἱμάτιον
490 3258 830 3317 προσεβάλετο.“
892 3259 1065 3316 Scripsit
1094 3261 1207 3302 enim
1245 3260 1492 3301 correcturis
1528 3259 1769 3301 lenissimis:
1816 3254 1844 3298 ἃ
1881 3255 1956 3299 καὶ
1992 3264 2255 3314 προστυχῆ
2291 3255 2401 3298 ἐστὶ
2438 3254 2525 3298 καὶ

116 3331 242 3374 κοινὰ
271 3330 362 3373 κτλ.
395 3334 436 3374 et
464 3344 539 3387 pro
571 3336 656 3372 τῶν
685 3327 819 3372 ὄντων
850 3327 975 3371 ἐτῶν
1005 3329 1273 3372 τοσούτων.
1335 3329 1450 3371 Vitio
1487 3330 1630 3371 locum
1659 3329 1848 3371 laborare
1877 3331 2146 3384 perspexerat
2176 3329 2301 3369 etiam
2333 3327 2525 3380 CobetUS,
